3276 5414
263 419 338 469 VIII.
410 434 541 469 nunnus.
562 432 722 469 uveercrnr.
777 435 916 469 nranonvs
943 436 1128 470 nvrrenrcvm
1150 409 1247 485 qum)
1319 404 1392 477 325

162 609 271 649 everi.
309 589 339 649 Si
362 589 398 649 ad
422 590 549 649 Leonem
572 590 739 666 pervenerit
761 589 823 649 haec
846 607 902 649 reo.

162 710 336 753 nvarnuvo.
375 690 419 750 Τιι
443 691 560 769 quidern
584 708 643 750 non
666 689 791 758 reseres,
815 708 885 750 narn
909 691 956 750 hie
980 691 1143 769 vapulando
1165 693 1305 753 interibis,

163 813 272 854 avenn.
311 792 397 853 Ferte
420 809 520 870 opem,
545 791 714 860 Christiani,
738 791 818 852 mihi.

162 915 334 956 nvrruuvs.
372 893 437 954 Non
459 894 587 955 audiunt

78 1010 86 1029 '
164 1016 272 1057 avenn
311 997 396 1075 Atqui
419 996 520 1056 andire
543 994 685 1055 solebant.
720 994 788 1073 quid
813 996 869 1054 iarn
892 1013 976 1073 agam
999 997 1105 1056 misera
1129 998 1233 1073 igitur?

161 1117 334 1158 nvrrnuva.
373 1098 435 1156 Hor
456 1097 535 1174 qnod
558 1104 587 1157 te
610 1096 730 1174 dignum
754 1102 812 1163 est,
836 1096 993 1174 vapulabis.

128 1236 131 1240 ι
161 1219 270 1259 evaei.
308 1199 416 1277 Ecquis
438 1198 569 1259 caedendi
592 1198 696 1257 modus
718 1205 776 1266 est,
800 1204 845 1257 ter
867 1198 1026 1274 sacrilege?
1401 1221 1458 1270 §.au

163 1321 334 1361 nvrrenvs.
372 1300 481 1377 Ecquis
503 1298 578 1359 maie
601 1298 733 1367 dicendi,
755 1306 801 1358 ter
825 1299 971 1358 venetica?

162 1421 272 1462 evera.
314 1402 400 1481 Atqui
429 1399 604 1460 maledicere
634 1406 678 1460 est
705 1400 762 1460 hoc
790 1398 877 1459 hultis
905 1402 1074 1479 proprium,
1114 1402 1225 1481 indque
1247 1421 1255 1490 q
1279 1401 1391 1480 {Jffi‘fssfff

64 1506 237 1565 1ῡιΙίιιίιιιιι.

117 1636 123 1648 ·
163 1624 334 1667 averanus.
373 1604 409 1663 Et
431 1602 516 1662 nobis
538 1604 652 1663 caedere
675 1610 719 1663 est
741 1602 811 1670 hoc,
841 1605 955 1682 critque
977 1620 1103 1681 semper.

163 1725 271 1766 nunes.
306 1705 370 1766 Non
394 1713 452 1772 est,
471 1692 725 1784 'quomadmodum
748 1698 888 1765 arbitrata
912 1724 1008 1774 eranr,
1040 1705 1190 1783 hospitalis
1218 1707 1389 1766 Germania:

100 1827 165 1868 nam
190 1816 219 1867 tu
243 1826 290 1866 rne
313 1807 399 1866 hodie
422 1805 497 1865 maie
520 1807 636 1883 accipio.

162 1929 334 1971 uvrrnnvs.
374 1908 410 1968 Ut
445 1908 563 1987 quidem
591 1908 723 1967 moreris.
772 1915 801 1967 et
828 1914 860 1967 tu
889 1908 958 1985 quid
992 1926 1039 1967 me
1072 1907 1199 1977 iaceres,
1234 1909 1257 1966 si
1290 1908 1391 1968 Rornre

67 2024 88 2061 ¹
101 2011 244 2073 traheres?

160 2133 270 2174 evera.
308 2110 446 2189 Magnum
468 2111 614 2189 quendam
637 2113 773 2171 iacerem.
1276 2164 1281 2173 ,

161 2234 332 2275 avraeuvs.
370 2213 584 2291 Scioetquid
613 2213 787 2273 emeretur
816 2230 918 2291 pares,
953 2184 1245 2290 etquoshurnines
1274 2212 1457 2273 renaiestor.

97 2335 162 2376 esse
185 2318 294 2393 cupias

161 2438 271 2479 unuin.
295 2415 364 2475 Taie
377 2417 494 2494 quidem
507 2416 544 2475 de
556 2422 583 2475 te
595 2416 666 2477 nihil
680 2419 785 2494 cogito,
799 2416 849 2475 sed
867 2416 1044 2495 Episcopum
1061 2417 1172 2484 faciam,
1186 2417 1209 2475 si
1221 2434 1269 2475 me
1285 2419 1402 2484 mittas.¹

62 2533 88 2570 ²0
162 2536 333 2579 uvareuvs.
372 2518 408 2577 tt
429 2536 526 2595 neque
550 2518 711 2596 Episcopus
733 2537 797 2578 esse
821 2517 898 2586 rulo,
929 2536 1024 2596 neque
1047 2520 1158 2577 mittam
1182 2516 1250 2576 trine
1273 2524 1316 2585 te,
1341 2517 1390 2576 ribi

98 2622 253 2699 hospitium
277 2618 368 2679 hoines
390 2626 418 2679 te
441 2618 571 2694 dignum.

162 2742 271 2782 nunno.
306 2721 416 2780 Tamen
440 2721 530 2779 mitte.

162 2842 332 2883 rnrrrnuvs.
371 2822 449 2881 Fieri
472 2840 530 2880 uon
552 2828 657 2899 potest.

161 2944 270 2984 erma
305 2923 406 2983 Nescis
428 2930 569 3001 quantuni
591 2931 620 2983 te
644 2923 670 2982 iu
695 2923 803 2984 maium
827 2924 976 3001 impedias,

62 3040 88 3078 ²⁵
163 3045 334 3086 nvrrrurs.
368 3025 403 3083 dt
425 3031 491 3101 post
514 3024 681 3101 expediam
704 3025 819 3102 r.apuia

130 3138 269 3187 'uerna
309 3126 379 3185 Volo
403 3121 488 3185 hodie
512 3142 566 3201 ego
589 3145 636 3185 nie
659 3129 803 3186 extricare
831 3125 883 3185 abs
910 3132 956 3195 te
990 3129 1044 3187 nisi
1073 3126 1151 3186 nnita
1182 3135 1250 3187 sunt
1279 3126 1458 3205 uiriquermoa

97 3229 200 3289 auxilia
224 3247 290 3307 quae
310 3228 440 3288 secunda
462 3228 533 3287 mihi
555 3228 661 3287 iaciant
683 3229 823 3287 adversus
845 3235 873 3287 te
895 3228 1011 3288 talern'
1005 3231 1163 3288 rnirnicum

159 3350 332 3392 uvnrnnvs.
370 3328 454 3389 Nulla
477 3336 552 3389 scint.

161 3452 270 3492 overe.
309 3432 380 3503 Quis
402 3432 472 3497 seit,
497 3431 548 3492 ubi
570 3432 648 3490 serio
671 3430 747 3489 hanc.
764 3450 825 3490 rem
842 3450 930 3509 agere
947 3450 1079 3508 corporo,
1104 3440 1132 3492 et
1148 3433 1266 3509 praemia
1283 3431 1389 3509 ruritius

60 3539 269 3592 removeantur
291 3533 440 3602 homines,
464 3522 702 3611 proposuero?

159 3654 331 3695 nvrreurs.
370 3634 479 3712 Vapnla
503 3637 590 3710 igitur
614 3636 700 3694 serio.

160 3756 268 3795 aurien.
310 3735 351 3794 itii
375 3745 403 3796 te
430 3736 569 3814 perdunt,
598 3737 753 3813 flagitium,
783 3736 947 3813 perditione
970 3738 1090 3796 urisera!
1129 3744 1215 3814 atque
1244 3736 1293 3795 ιιΙιί
1321 3742 1388 3795 sunt

96 3839 225 3896 sexcenti
248 3838 344 3896 statim
368 3838 528 3905 ductisunt,
563 3840 611 3914 qui
635 3839 881 3914 comprehensum
909 3838 988 3897 hune
1010 3839 1133 3898 iterumn
1163 3839 1230 3897 irinc
1253 3833 1260 3903 Ι
1282 3836 1390 3912 ξῇξξζςῖψ

96 3938 270 4014 protrahant
290 3939 438 3997 vinctrun't

60 4050 85 4089 ³1»
159 4059 332 4101 nvrrnuve.
369 4039 422 4099 liic
445 4047 514 4100 sunt
536 4048 681 4100 sexcenta
703 4040 810 4119 plagae,
834 4060 899 4120 qme
922 4049 949 4101 tc.
966 4043 1117 4120 quiescere
1134 4044 1254 4102 sarciant:
1279 4043 1387 4118 accipe.

158 4160 268 4200 nuens.
304 4142 411 4220 impie,
434 4141 590 4207 scelerate,
615 4143 736 4220 perdite.

159 4263 332 4303 nvrrnuvs.
370 4244 486 4319 Accipe.

53 4388 68 4414 ,
159 4364 268 4403 nrnrn.
307 4343 415 4420 Ecquis
437 4344 524 4403 audet
548 4345 689 4404 ireneticio
712 4346 857 4406 demereri
881 4348 1008 4407 eroriem
1032 4347 1178 4407 decimum
1201 4347 1275 4406 sibit

158 4464 331 4505 nvrrnuvs.
370 4444 472 4504 Nudus
495 4446 596 4511 ueniet:
626 4449 675 4525 qui
698 4454 726 4507 te
749 4449 872 4517 caedam,
902 4468 971 4508 ccco
994 4466 1041 4508 me
1064 4449 1123 4508 tilii.
1397 4488 1456 4537 §.qq

204 4572 288 4579 -—··-

162 4645 418 4711 'sacrilegissinro
433 4647 524 4698 l‘lunt.
540 4650 608 4698 ltnd.
624 4652 675 4699 111.
691 4651 750 4711 ·i,t.
809 4623 1202 4702 ²¹Ctt'nesaddietx.lo.
1256 4650 1386 4700 ”Pinum

94 4731 140 4779 As.
155 4731 181 4781 11
203 4733 228 4793 4,
242 4740 276 4780 tt.
329 4730 351 4762 ¹⁹
370 4747 470 4796 cepero
489 4737 512 4783 1.
