3276 5414
192 324 263 394 584
630 347 748 384 nraaoer
768 345 1042 382 rervoonvrrrvavcr.
1073 320 1078 329 “

192 519 319 585 reputent
341 527 403 565 eum
424 527 476 582 pro
500 509 590 569 asiam
613 507 659 563 sed
683 506 765 563 boc
758 523 816 579 ipse
839 522 894 561 non
916 512 1010 561 curat:
1034 523 1086 561 vos
1113 511 1216 561 antem
1235 503 1310 559 estis
1326 520 1396 559 unus
1411 522 1543 605 pauper

191 597 276 652 irater
298 603 324 651 et
347 594 494 649 mendicas.
532 592 601 648 dabo
627 592 711 664 igitur
733 591 810 646 vobis
834 608 915 648 tinum
938 589 1011 646 aliud
1035 589 1214 646 consilium:
1241 606 1387 662 nunquam
1408 568 1543 661 legistis'
1540 624 1543 667 i

192 681 309 737 ‘duriora
332 687 509 753 corrumpunt
531 687 559 733 ct
581 678 719 733 elicaccant
741 678 822 733 etiam
846 676 940 732 oculos
962 675 1155 763 sapientam?

125 789 143 837 p
164 789 183 828 ι
258 765 501 820 llocbstratus.
538 762 605 836 Ego
618 780 678 818 sum
702 762 739 818 ita
762 769 911 836 occupatas
933 762 960 816 in
983 770 1080 818 sancto
1107 752 1243 822 Thema,
1277 759 1356 834 quod
1379 777 1493 832 nrmqmn

194 852 221 906 in
244 851 297 905 vita
321 867 378 905 nica
402 848 506 922 perlegi
528 847 648 903 Bibliam.
1499 862 1503 870 ·

255 936 379 989 Stento
388 951 409 988 r.
447 933 504 990 lloc
526 950 582 989 nen
604 940 646 987 est
669 941 758 988 reete:
783 932 888 989 laeiatis
910 949 977 1004 ergo
1000 931 1104 993 adbuc,
1130 931 1203 1004 quia
1229 948 1287 1005 pcr
1311 929 1417 986 nullum
1432 931 1496 987 alian

194 1021 301 1079 modam
325 1036 470 1092 possumus
493 1035 553 1073 eum
577 1018 681 1072 vincere
706 1017 757 1072 nisi
779 1034 829 1090 per
852 1024 968 1071 tentum:
1000 1034 1060 1072 nam
1083 1025 1195 1072 cartera
1223 1017 1325 1071 omnia
1350 1015 1397 1069 ille
1419 1016 1496 1071 reiicit.

192 1115 220 1162 et
243 1122 324 1160 unvrnr
348 1103 433 1158 alind:
457 1102 562 1158 debetis
584 1101 704 1157 scribere
728 1101 919 1162 Sanctissimo.
944 1102 1017 1174 vpuod
1039 1101 1085 1156 det
1110 1101 1164 1157 sibi
1193 1119 1289 1156 tinum
1314 1100 1499 1156 Conlinalatnn

194 1190 236 1247 vel
258 1189 447 1262 Episcopatnrn
471 1196 496 1242 ct
520 1186 657 1256 videbitis,
681 1188 754 1260 ‹pnvvd
775 1187 830 1243 cito
854 1186 954 1241 tacebit
974 1196 1002 1241 et
1024 1185 1166 1242 revocabit
1196 1186 1310 1241 omnia.

127 1303 184 1352 §.tt
260 1273 501 1329 lloclrstratns.
539 1271 595 1344 Ego
626 1271 708 1328 timeo
738 1272 811 1344 quod
839 1289 893 1326 non
921 1271 1047 1344 recipiet.
1075 1271 1141 1344 quia
1171 1289 1224 1327 res
1251 1280 1297 1326 cst
1325 1271 1409 1327 nimis
1429 1271 1521 1325 divad-t

177 1368 272 1433 gata.
296 1366 323 1414 et
346 1366 419 1412 essct
442 1357 492 1412 sibi
515 1375 644 1428 magnum
668 1355 837 1420 scandalum;
859 1356 941 1411 credo
966 1365 1052 1412 tarneu
1075 1357 1152 1429 vputtd
1168 1374 1310 1411 snnnnns
1329 1357 1500 1430 pontiicada-

196 1453 238 1499 ret
261 1443 311 1498 sibi
335 1459 389 1498 nita
413 1440 501 1497 solum
523 1442 736 1503 llardinalatnm,
760 1442 807 1497 scd
830 1441 909 1497 etiam
932 1441 1002 1496 duos
1024 1441 1064 1495 vel
1087 1448 1146 1496 tres
1163 1441 1387 1516 Episcopatus.
1412 1450 1502 1497 tantun

196 1538 226 1585 ut
249 1546 303 1583 non
326 1526 486 1599 loqueretar
509 1531 604 1582 contra
628 1526 824 1600 lndulgentias‚
847 1533 876 1582 et
898 1534 992 1581 contra
1015 1543 1089 1581 snam
1113 1526 1283 1583 avaritiam.

260 1613 415 1668 Stentor.
454 1612 481 1666 Si
504 1612 556 1669 hoc
579 1630 634 1668 non
658 1612 743 1674 iuvat,
768 1622 831 1669 tunc
853 1620 927 1668 certe
952 1612 1121 1666 factumest:
1146 1629 1206 1684 ego
1226 1628 1290 1667 non
1307 1630 1430 1686 possum
1446 1611 1504 1667 altra

198 1696 351 1754 consulere.
1512 1714 1525 1751 n

127 1810 185 1859 Μ,
259 1782 503 1838 llocbstratns.
540 1782 596 1855 Ego
620 1783 745 1840 deberem
767 1781 839 1839 ultra
862 1782 1046 1854 interrogare:
1069 1781 1164 1837 caeteri
1192 1782 1334 1855 magistri
1354 1784 1505 1838 nostrinoa

195 1876 258 1923 sunt
281 1875 444 1941 praesentes,
471 1876 557 1923 tamen
581 1869 667 1922 maior
688 1887 751 1942 pars
775 1878 817 1924 est
838 1884 972 1941 praesens,
997 1876 1024 1922 et
1047 1867 1105 1921 ideo
1131 1865 1198 1922 volo
1226 1867 1407 1924 concludere
1423 1887 1505 1924 secun·

194 1952 257 2009 dum
281 1971 329 2007 eos
352 1953 398 2026 qni
423 1952 473 2007 iam
497 1962 561 2008 sunt
584 1961 742 2026 praesentes.
787 1952 911 2008 Et'sicut
935 1951 1001 2007 bene
1025 1951 1125 2012 audiri.
1151 1950 1257 2007 nullus
1282 1953 1375 2008 babet
1399 1955 1505 2028 compla-

195 2038 326 2098 centiam.
357 2055 443 2111 neque
467 2037 650 2101 inludere,
682 2056 769 2112 nequo
792 2039 820 2093 in
841 2036 901 2093 aliis
925 2038 1001 2092 novis
1023 2036 1112 2110 poetis
1140 2045 1170 2092 et
1201 2037 1423 2100 scribentibus.
1453 2040 1506 2095 livet

195 2141 267 2179 virius
289 2123 361 2178 (lieret
384 2124 437 2185 sic,
461 2122 530 2178 alius
553 2123 646 2186 aliter:
678 2132 705 2179 et
729 2124 791 2196 (pria
814 2124 845 2178 ad
868 2139 988 2196 praesens
1011 2139 1064 2177 tren
1087 2139 1247 2195 possumus
1274 2142 1381 2180 omncs
1406 2124 1528 2180 illornns·

197 2207 284 2262 libros
307 2208 477 2269 examinare,
502 2208 635 2270 cribrare,
659 2208 821 2282 reprobare.
850 2216 879 2263 et
902 2207 961 2262 ideo
984 2223 1034 2281 pre
1058 2224 1129 2262 nunc
1151 2207 1226 2263 nibil
1254 2208 1395 2264 volumus
1419 2211 1505 2270 lacere.

197 2293 249 2347 nisi
272 2293 345 2366 qnod
368 2292 491 2349 volumus
514 2294 661 2367 probibere
684 2311 733 2367 per
756 2293 848 2348 literas
871 2301 897 2347 et
913 2293 1122 2349 instrumentum
1139 2292 1293 2365 publicum
1310 2294 1399 2351 almae
1416 2306 1506 2351 nestra

197 2377 400 2438 Universitatis,
432 2395 465 2432 ne
489 2378 549 2451 quis
573 2378 636 2433 illos
659 2377 825 2434 fabulatores
849 2377 929 2450 legat.
973 2377 1077 2433 Interea
1099 2378 1304 2452 unnsquisque
1331 2389 1458 2437 vestrum
1479 2390 1507 2436 sit

201 2470 335 2524 armatas,
365 2471 391 2517 et
421 2462 500 2519 iaciat
523 2471 654 2535 quantuni
678 2463 704 2519 in
727 2481 756 2519 sc
778 2471 820 2518 est
843 2463 869 2517 in
892 2464 973 2518 vlovno
995 2480 1058 2524 sua.
1083 2479 1133 2535 pro
1158 2464 1365 2521 examinandis
1401 2466 1455 2522 illis
1483 2467 1508 2521 li·

130 2548 256 2609 §.ralvris
279 2556 440 2621 poetarum,
470 2557 497 2603 et
520 2547 622 2604 scribat
644 2548 671 2603 in
694 2547 836 2604 volumine.
881 2554 946 2621 post
968 2556 1023 2603 tres
1046 2564 1152 2603 menses
1176 2548 1317 2606 rolurnus
1344 2552 1451 2608 iterum
1471 2567 1530 2607 ren

197 2633 255 2689 nire
278 2641 305 2688 et
329 2633 419 2688 omnia
443 2632 598 2706 imprimere
628 2633 653 2688 in
683 2650 737 2689 ano
766 2633 901 2689 volumine
924 2633 1117 2689 sentinrcntum
1140 2633 1381 2710 uniuscuiusque
1407 2638 1435 2693 in
1457 2656 1508 2713 spe—

197 2717 274 2779 ciali,
304 2735 364 2772 curn
394 2717 485 2791 quotis
513 2727 541 2774 et
570 2718 792 2774 aruratationibus
821 2719 907 2774 sancti
931 2719 1039 2774 Tbomae
1063 2718 1089 2772 in
1111 2719 1251 2791 margine.
1301 2721 1334 2777 Si
1362 2724 1430 2796 qais
1452 2742 1508 2779 vero

198 2803 262 2859 huic
284 2802 405 2857 Concilio
430 2812 526 2858 nostro
549 2802 669 2876 legitime
692 2813 719 2859 et
743 2804 768 2859 in
800 2805 898 2879 spiritu
927 2813 1021 2860 sancto
1048 2811 1222 2875 congregato
1253 2805 1448 2880 derogaverit
1475 2809 1508 2863 vel

199 2886 391 2944 obtrectaverit
421 2886 492 2942 velat
520 2888 609 2943 nrinus
641 2889 752 2951 idoneo,
782 2889 993 2961 indignationem
1023 2889 1222 2963 omnipotentis
1254 2891 1300 2946 dci
1337 2893 1467 2950 incurrat
1486 2904 1508 2949 ct

198 2980 378 3028 sacrosancta·
400 2972 527 3028 llovnanm
555 2974 640 3035 sedis,
663 2989 729 3048 ‘quae
757 2982 798 3029 est
826 2975 853 3029 in
875 2973 1022 3048 babylone.
1051 2974 1097 3029 nbi
1126 2991 1276 3048 synagoga
1300 2978 1436 3036 Satanae!
1464 2981 1533 3036 llo-a

198 3058 270 3113 mine
292 3057 414 3119 l‘edelle,
437 3057 536 3131 legatis
558 3058 628 3115 hanc
649 3059 763 3133 copiam.

720 3207 971 3259 CONSTITVTIO.

129 3333 187 3383 gip,
261 3311 436 3369 Pcdcllns.
474 3312 502 3367 ln
525 3313 633 3370 nomine
656 3315 773 3375 domini.
797 3317 889 3371 dinen.
933 3316 1088 3371 Antoritatc
1103 3315 1275 3373 sanctissimi
1292 3320 1411 3378 domini
1428 3324 1511 3379 nostri

198 3417 275 3472 papa·
298 3398 438 3453 Leonisa.
455 3406 483 3454 et
505 3397 620 3455 aliorum
644 3408 798 3456 smretornm
822 3399 992 3474 pontificum,
1023 3402 1067 3473 qni
1096 3395 1285 3458 inrnlaverunt
1319 3414 1353 3460 et
1387 3409 1512 3464 institae-

155 3496 158 3503 “
198 3492 262 3540 runt
284 3491 311 3538 ct
335 3483 484 3556 privilegiis
507 3485 661 3541 nnmierunt
685 3484 779 3540 abnam
803 3494 924 3541 nostram
948 3485 1150 3541 Universitatem
1173 3486 1385 3548 Colonienscrn
1409 3503 1440 3549 et
1463 3495 1537 3549 lar-a·

197 3569 362 3630 vanienscm.
387 3569 532 3624 statuimus
555 3578 582 3624 et
606 3571 761 3625 ordinamus
785 3588 835 3625 nos
864 3571 986 3644 magistri
1013 3572 1099 3626 nostri
1128 3570 1164 3626 de
1184 3571 1306 3629 Colonia
1341 3586 1371 3632 ct
1405 3579 1441 3634 de
1464 3581 1512 3635 Lo·

196 3655 289 3716 varitia),
313 3671 346 3709 nc
372 3655 396 3709 in
419 3653 487 3709 alma
511 3663 604 3709 nostra
627 3655 818 3716 Universitate,
843 3674 902 3730 qum
926 3665 969 3711 est
991 3665 1077 3711 mater
1098 3656 1317 3715 Universitatum
1344 3661 1511 3725 Germania.

197 3739 289 3812 legant
312 3738 419 3812 publice
442 3738 481 3795 vcl
505 3740 608 3814 private
632 3740 658 3794 in
682 3740 783 3796 scholis
807 3730 1009 3813 Tbeologoruni
1032 3740 1133 3815 aliquid
1154 3741 1188 3797 de
1211 3740 1270 3799 illis
1295 3748 1386 3803 novis
1411 3750 1513 3807 doctri·

196 3824 253 3885 nis,
278 3842 337 3897 vprc
361 3826 412 3880 ianr
436 3825 565 3881 suadente
587 3825 697 3881 dialmlo
720 3836 889 3882 emerserunt
911 3836 939 3882 et
961 3827 1094 3882 seducunt
1115 3824 1261 3900 plurimos.
1314 3832 1457 3908 insuper.
1481 3855 1512 3892 nc

196 3909 228 3964 de
253 3908 307 3984 illis
330 3908 491 3982 loquantur,
515 3909 555 3967 rel
578 3910 698 3966 scribant
721 3911 747 3966 in
770 3911 896 3985 epistolis
918 3911 958 3967 vcl
982 3910 1060 3975 alibi;
1083 3921 1110 3968 et
1132 3929 1164 3967 ne
1188 3911 1297 3970 librarii
1324 3918 1441 3992 aliquid
1467 3902 1540 3977 nir-e

197 4002 308 4066 portent
330 3994 370 4049 vel
395 3997 509 4051 vendant
532 3995 702 4052 scholaribus
725 3997 842 4057 nostris:
872 4006 898 4052 et
922 3995 1075 4069 religiosis,
1102 4014 1136 4053 ne
1164 3997 1217 4070 ipsi
1247 3999 1365 4076 aliquid
1399 4006 1512 4063 illorum

197 4089 331 4152 reponant
360 4081 387 4135 in
410 4082 466 4137 suis
495 4080 629 4143 librariis,
659 4082 710 4138 sub
733 4091 792 4138 tara
809 4082 865 4136 iiii.
889 4099 1038 4138 marcarum
1067 4082 1125 4138 auri
1154 4082 1260 4140 totiens
1292 4090 1440 4160 quotiens
1469 4094 1513 4149 de·

320 4247 399 4255 ,.—...

263 4345 273 4376 ³
292 4348 406 4398 Munera
424 4347 465 4414 to]
485 4350 527 4398 Cf.
542 4350 563 4399 1.
578 4351 645 4415 Reg.
660 4350 734 4400 Vlll.
749 4349 772 4400 3.
792 4351 836 4399 lta
850 4349 963 4415 Gregor.
977 4351 1044 4401 Nan.
1058 4351 1121 4401 dist.
1135 4350 1176 4400 71.
1191 4367 1218 4416 p.
1235 4351 1298 4404 155.
1314 4356 1348 4407 T.
1365 4360 1407 4409 11.
1424 4362 1490 4411 Bill.

499 4434 613 4497 vaeed
632 4433 859 4495 tntodvroeaoic
877 4425 1056 4500 οἷπρακτείτω
1074 4430 1168 4502 λόγος·

499 4518 616 4570 πείθειν
634 4514 687 4584 γὰρ
706 4514 768 4571 οἶδε
787 4517 836 4571 καὶ
855 4514 967 4586 πέφυκε
985 4515 1024 4588 μὴ
1043 4516 1143 4587 λέγειν

198 4600 240 4650 Cf.
255 4603 393 4667 Apostolii
411 4606 528 4655 Panem.
542 4606 643 4656 XVIII.
657 4606 698 4656 38
765 4605 784 4638 ¹²
802 4623 857 4657 non
875 4610 986 4658 omis.3
1044 4607 1066 4638 ³³
1085 4607 1212 4660 Ridicule
1233 4611 1337 4664 stilum
1364 4616 1509 4670 bullarum

197 4687 366 4750 pvtpolium'
359 4690 406 4737 nni
410 4694 483 4739 tatur
502 4695 606 4740 auctor.
681 4689 704 4721 ⁴²
721 4692 916 4758 lillibrariisl.
