3276 5414
380 393 447 442 'III.
519 408 657 442 nistrare
678 408 699 441 a.
720 408 801 442 arsa.
839 409 987 442 nitrosus.
1008 393 1091 457 (tata.)

93 568 182 638 atque
205 559 234 620 bi
257 568 342 628 sunt,
367 558 493 638 qno‘rum
517 561 579 620 brec
602 560 668 621 IIias
691 580 781 640 capax
805 569 862 630 est,
887 581 952 640 qtrae
974 545 1082 641 alioqui

298 661 460 723 Stultorum
483 682 587 740 regum
611 670 639 723 et
661 663 838 741 populorum
862 665 992 724 eoatirret
1013 671 1110 724 mslns.

95 760 179 831 Quod
209 761 419 840 intelligentem
449 765 646 844 consp-derare
675 771 792 842 oportet
815 765 986 842 priusquam
1009 765 1209 842 aggrediatur,
1244 785 1280 826 aa
1303 777 1459 849 opressa.

94 864 132 922 sil
154 863 216 923 baec
246 863 331 924 abire
360 866 470 925 amnia.
514 848 582 926 narn
611 873 719 943 preter
749 885 781 926 ea
811 884 877 944 quar
905 866 963 926 dixi
992 866 1060 944 qnid
1087 868 1117 926 in
1141 866 1206 927 aula
1234 869 1389 931 lereudum

67 965 153 1031 ssit,
183 964 256 1024 nibil
287 974 316 1026 te
345 964 458 1026 celabo.
496 986 531 1026 ac
558 970 686 1045 primum
714 968 860 1035 omnium,
897 968 975 1046 quod
1006 968 1043 1028 de
1072 969 1255 1029 immunitate
1284 971 1390 1043 elisisti,

95 1084 161 1143 «111ae
184 1074 284 1143 posset
307 1068 336 1127 in
359 1069 414 1128 bac
436 1070 575 1128 servitute
598 1070 767 1137 immunitas
790 1069 871 1129 esse?
894 1088 981 1148 (poam
1005 1068 1160 1130 molestum
1184 1077 1228 1131 est
1242 1080 1340 1133 autem
1356 1093 1391 1133 ac

94 1167 249 1244 iudignum
272 1169 369 1228 amaria
394 1169 558 1239 bumiliter,
589 1172 685 1230 omnia
713 1169 858 1231 submisse
887 1178 916 1231 et
943 1171 1056 1231 ablectc
1084 1172 1199 1231 lacere?
1231 1192 1299 1233 nam
1323 1193 1389 1235 cum

94 1270 215 1329 omniuo
237 1271 361 1330 seruitus
384 1272 421 1330 sit
443 1271 535 1331 atrlica
564 1273 634 1340 vita,
663 1290 718 1332 uec
747 1270 833 1331 aliam
863 1271 1088 1349 appellationem
1117 1275 1212 1350 capiat
1239 1292 1327 1352 quam
1357 1295 1389 1335 en

93 1370 293 1449 quercetum
316 1373 438 1450 emptitii
461 1372 514 1442 illi,
544 1373 662 1451 qtranda
684 1391 792 1432 aaaron
816 1374 893 1434 band
917 1375 1087 1450 allogimus,
1118 1375 1146 1433 in
1174 1392 1207 1434 re
1230 1376 1291 1453 ipsa
1314 1376 1390 1437 sala·

60 1473 167 1532 ratium
191 1474 352 1550 repositum
375 1474 486 1535 babere
509 1475 703 1542 debebamus,
733 1481 765 1534 ut
788 1482 864 1535 esset
886 1475 949 1535 bruc
972 1474 1082 1535 scilieet
1103 1474 1232 1536 liberalis
1254 1476 1386 1540 servitos.

93 1575 130 1633 tlt
152 1592 210 1634 non
234 1582 337 1652 putant
359 1594 439 1635 nunc
462 1578 609 1654 principes
631 1575 747 1654 aliquod
772 1595 836 1635 esse
859 1578 987 1636 lutense
1011 1583 1040 1635 et
1061 1577 1210 1637 raiaistros
1232 1597 1302 1638 suas
1330 1580 1458 1640 ais-ru.

93 1677 226 1744 crimen,
258 1677 311 1736 nisi
340 1677 375 1737 ad
406 1677 612 1738 contumeliam
643 1695 736 1755 usque
764 1685 884 1738 utardur
907 1695 995 1755 opera
1019 1685 1135 1738 nostra:
1170 1681 1268 1759 itaque
1290 1680 1391 1741 volunt

93 1778 311 1846 assidtdtatem,
335 1778 436 1839 roluut
458 1779 596 1848 stillares,
622 1778 721 1838 rolant
744 1798 862 1858 querque
886 1787 953 1839 caut
975 1787 1007 1839 ot
1029 1798 1061 1839 se
1085 1780 1162 1840 relat
1184 1783 1302 1860 propria
1326 1803 1390 1843 um-

93 1878 146 1938 bra
171 1881 360 1948 comitemur,
390 1899 485 1958 neqrre
514 1888 612 1940 amant
641 1899 817 1959 quemqnam
847 1883 901 1941 nisi
930 1883 980 1959 utri
1002 1882 1031 1940 in
1054 1880 1146 1941 oculis
1168 1882 1224 1942 sibi
1246 1891 1390 1962 perpetuo

45 2003 83 2041 ¹ta
95 1988 154 2049 est,
178 1989 207 2040 et
229 2000 281 2041 eas
303 1982 457 2060 benignius
479 1982 593 2042 balneat
604 1984 654 2060 qui
670 1982 785 2060 obstipo
801 1990 868 2042 ante
884 2000 915 2041 se
932 1984 1041 2060 capite,
1064 1985 1180 2062 quoties
1196 1987 1389 2062 respexerint,

95 2081 250 2151 inclinant,
275 2083 381 2161 quibus
404 2082 487 2161 agillo
511 2095 578 2144 snut
602 2102 711 2161 genua,
736 2086 786 2162 qui
808 2102 911 2143 ornares
926 2082 1044 2144 illarum
1060 2093 1164 2153 natue,
1188 2086 1296 2146 nedum
1312 2088 1389 2146 iussa

94 2183 267 2252 observant,
291 2187 340 2264 qui
357 2187 538 2246 ceremonias
554 2186 664 2245 ardicas
679 2205 734 2264 pro
749 2185 865 2261 legibus
888 2184 988 2245 colant
1004 2194 1091 2265 atque
1108 2188 1196 2264 igitur
1212 2205 1272 2248 uno
1288 2205 1391 2248 ornnes

83 2286 197 2348 ordine
220 2285 327 2346 calleat
349 2293 378 2346 et
400 2293 602 2365 exeqrmntur,
636 2290 673 2347 ita
705 2295 736 2347 ut
761 2289 784 2347 si
812 2286 904 2346 latam
933 2287 970 2346 ab
1000 2287 1046 2348 bis
1076 2306 1206 2366 unguem
1228 2289 1389 2357 discedant,

93 2387 242 2464 piaculum
266 2388 322 2448 boc
345 2390 390 2449 sit.
436 2389 561 2466 proinde
584 2389 751 2449 desertores
775 2397 879 2449 rocarrt
895 2408 947 2449 eos
963 2408 1038 2468 epuns
1053 2409 1112 2450 nan
1128 2407 1245 2469 semper
1261 2392 1290 2451 iu
1307 2399 1390 2468 tergo

55 2490 241 2552 aolraereates
262 2490 317 2550 sibi
341 2492 564 2567 conspexerint,
593 2493 687 2567 magis
709 2510 797 2569 quam
817 2493 869 2569 -qui
893 2493 921 2551 iu
945 2493 1008 2551 acie
1037 2491 1134 2552 lucum
1163 2499 1331 2559 cesserunt,
1361 2499 1391 2553 et

92 2609 240 2651 summum
264 2591 392 2652 studium
416 2599 474 2660 est,
509 2600 540 2651 nt
563 2600 643 2652 recte
672 2594 831 2652 misceatur
858 2594 946 2670 regiae
975 2611 1090 2670 pompae
1120 2596 1268 2662 incessus,
1299 2593 1390 2653 ul-ad

93 2711 211 2752 ornnem
236 2695 377 2771 principis
399 2695 535 2753 intuitum
558 2692 665 2773 palleat
687 2696 752 2773 quis
774 2714 808 2754 ae
824 2696 946 2754 attonito
962 2693 1063 2755 slmilis
1079 2697 1125 2755 sit,
1162 2696 1458 2766 nonannoeane

93 2803 122 2855 ut
148 2795 225 2873 apud
248 2795 303 2854 lios
325 2795 499 2856 titubantem
522 2795 621 2855 dicere
644 2803 760 2873 oportet
783 2816 817 2856 ac
840 2815 900 2874 pren
932 2798 1037 2856 timore
1068 2796 1223 2857 stulantem
1252 2815 1389 2856 nonnun-
1427 2864 1434 2869 ,

86 2896 200 2974 utram?
223 2903 252 2956 et
274 2904 535 2976 quantumcunque
558 2897 675 2975 aliquod
699 2897 841 2959 familiare
864 2900 1053 2974 stangnum
1076 2905 1120 2958 est
1135 2899 1308 2974 negocium,
1332 2917 1389 2976 qua

56 3024 84 3063 ιε
95 2997 303 3077 perplexitate,
327 3018 416 3078 qrram
439 2998 607 3059 haesitanter
629 3019 663 3058 ac
687 3001 799 3077 trepide
823 2999 870 3060 ille
892 3008 959 3077 agat
981 3008 1096 3068 orator,
1119 3007 1153 3059 ut

296 3100 523 3176 Lugdunensem
547 3102 648 3161 rbutor
672 3101 804 3162 dicturus
827 3101 862 3160 ad
886 3104 987 3161 aram?

93 3200 149 3261 Ubi
171 3200 334 3279 perieulum
358 3213 402 3262 est
431 3204 455 3262 si
485 3203 512 3262 ia
545 3202 619 3263 tituli
650 3205 895 3282 prommciatioae
923 3203 967 3263 rel
996 3202 1136 3283 syllabam
1164 3204 1390 3282 praetermiseris

92 3389 293 3400 ...n——

161 3523 168 3557 ¹
188 3523 258 3591 baec]
282 3531 309 3575 ut
328 3523 459 3575 mulorum
475 3513 558 3584 ’lisola
577 3542 619 3591 ap.
640 3528 691 3576 Cic.
710 3527 745 3576 ad
762 3527 817 3576 Art.
831 3526 906 3576 VIII.
921 3525 960 3575 ll.
1041 3524 1166 3576 *Horat
1186 3526 1275 3590 Epist.
1296 3527 1316 3575 i.
1336 3527 1389 3588 ²³⁸·

91 3608 227 3660 ⁵crelnbo
246 3612 305 3660 edri.
359 3610 574 3660 ldulicaritu.
605 3617 723 3675 marga.
779 3612 959 3661 ¹⁰Itiberalis
978 3612 1106 3660 servitus.
1137 3616 1254 3674 inerpd.
1297 3609 1317 3642 ¹⁵
1337 3618 1387 3661 est.

92 3695 129 3745 ri.
148 3697 192 3744 sit.
212 3698 271 3745 edd.
325 3696 452 3761 obstippo
472 3699 624 3744 1...5.s.10.
679 3698 732 3761 ipsi
750 3705 809 3761 past
828 3702 902 3761 quot.
923 3697 1022 3745 dealt.
1068 3694 1088 3726 ¹⁸
1108 3695 1231 3756 ‚nuile
1274 3693 1388 3756 ¹⁷.Qui

92 3781 129 3830 11.
166 3779 186 3812 ¹⁸
205 3780 352 3830 discedunt
369 3787 476 3831 meon.
491 3782 527 3830 ΙΙ.
598 3781 618 3811 ¹⁹
643 3797 710 3845 quos
734 3797 788 3831 non
811 3780 926 3847 semperl
953 3784 981 3830 in
1004 3785 1083 3845 tergo
1107 3777 1220 3842 haerenti
1245 3779 1299 3827 sibi
1324 3795 1387 3828 eon-

91 3863 240 3930 spexerintl
264 3872 289 3914 ln
306 3881 386 3929 rrrarp.
400 3870 425 3914 5.
439 3866 474 3915 H.
489 3868 572 3915 deleto
590 3868 715 3916 edtlornar
750 3854 796 3930 qrri
820 3865 1031 3930 nan(non1.·5.)
1051 3879 1159 3928 semper
1183 3864 1210 3910 in
1235 3867 1313 3927 tergo
1332 3863 1387 3913 sibi

91 3950 212 4012 brerent,
245 3951 380 4016 Utrurnpue
399 3965 466 4014 quos
485 3966 539 4000 non
593 3966 686 4015 consp.
706 3957 731 3999 et
750 3952 796 4015 qui
814 3967 868 4000 non
921 3951 1042 4012 haerent,
1061 3952 1160 4012 recepit
1177 3950 1221 3997 13.
1257 3944 1280 3979 ²⁰
1298 3946 1387 3997 locum

93 4037 128 4084 II.
149 4034 210 4085 loeo
229 4037 288 4085 edd.
308 4035 395 4095 (etiam
415 4035 472 4097 13.)
524 4033 543 4066 ²¹
566 4037 691 4085 incessus
709 4037 745 4085 H.
766 4037 898 4100 strepitus
916 4036 974 4084 edd.
1028 4032 1050 4064 ²²
1068 4032 1173 4098 palleat
1185 4028 1244 4096 ete]
1263 4032 1386 4082 utInve-

92 4119 148 4169 nul.
162 4126 215 4170 snt.
230 4119 307 4169 XIII.
320 4118 379 4169 ⁴223.
399 4120 435 4168 Hi
455 4125 517 4169 sunt
536 4121 581 4184 qui
601 4120 742 4185 trepidant
761 4126 789 4170 et
808 4120 953 4170 adomnia
977 4117 1088 4182 fulgura
1111 4116 1226 4182 pallent.
1295 4113 1317 4146 ¹³
1336 4116 1386 4166 hos

91 4205 238 4254 omisit!
305 4201 328 4235 ²³
347 4205 452 4254 .Etll.
482 4204 580 4266 Vides,
600 4206 660 4254 edd.
730 4202 886 4270 *legatie
918 4204 988 4253 dicit
1005 4203 1063 4252 eriri.
1095 4201 1208 4251 borutor
1226 4206 1251 4251 5.
1264 4217 1334 4251 corr.
1348 4202 1384 4251 H.

90 4286 113 4320 ¹⁸
131 4288 220 4353 Lugd.
234 4285 317 4354 rhet]
337 4288 462 4338 Iuvenal.
476 4293 529 4338 sat.
543 4289 565 4339 1.
578 4289 621 4338 ll.
651 4288 762 4339 Sueten.
777 4288 896 4354 Caligul.
910 4287 952 4337 26.
972 4287 1087 4349 „Edidit
1106 4291 1134 4336 et
1145 4302 1262 4351 peregre
1275 4291 1385 4351 speeta-

91 4373 169 4435 eula,
189 4374 217 4421 in
230 4372 329 4423 Sicilia
342 4372 487 4437 Syracusis
506 4375 610 4424 asticos
629 4374 720 4434 ludos,
747 4380 774 4423 et
792 4374 820 4422 in
840 4372 934 4422 Gallia
952 4371 1080 4436 Lugduni
1103 4370 1251 4420 miscellae.
1288 4370 1383 4420 sedet

90 4462 233 4507 certamen
252 4473 359 4523 qnoque
378 4457 484 4508 Graecoe
503 4459 667 4522 Latinisque
686 4458 839 4507 laeundioe:
864 4472 917 4521 qno
941 4456 1093 4506 certamine
1118 4455 1211 4504 ferunt
1233 4453 1384 4504 victoribus

89 4543 205 4607 praemia
223 4521 314 4593 uictos
333 4542 497 4606 contulisse,
519 4543 664 4593 eorundem
685 4548 713 4592 et
730 4542 827 4592 leudes
847 4556 1001 4606 conponere
1020 4546 1146 4600 coactos3
1167 4555 1213 4588 cos
1232 4544 1323 4587 nutem
1338 4540 1384 4602 qni

89 4630 208 4677 maxime
227 4627 450 4693 displicuissent,
478 4629 585 4693 scripta
603 4643 653 4679 sm
671 4629 789 4693 spongia
807 4626 939 4691 linguaeve
963 4624 1056 4674 delere
1080 4625 1183 4686 iussos,
1208 4623 1261 4671 rrisi
1285 4622 1384 4672 ferulis

88 4713 231 4778 obiurgari
250 4717 299 4762 aut
317 4713 426 4762 flumine
445 4713 567 4778 proximo
585 4713 672 4778 mergi
692 4712 881 4763 maluissent'.
933 4707 956 4740 ‘⁷
974 4710 998 4759 si
1016 4710 1086 4760 amir,
1100 4710 1144 4758 13.

1113 4793 1159 4850 5*
