3276 5414
154 394 303 462 [ΗΜΘΝ]
319 411 507 445 ΡΕΙῘ,ΛιΒΤΙΙΙΒ
521 411 812 446 ctv.vwr.ntnt.ouvs
827 413 861 446 ott
876 411 1091 447 rncvnrartnvs
1106 410 1318 446 ΒΟΙΑΙΕΙΕΠΙ.
1372 379 1445 450 499

107 570 199 643 gqui
223 569 330 624 additus
353 577 394 624 est
418 569 481 624 linie
503 568 593 642 legate
617 587 630 623 a
654 568 834 630 Florentinis.
858 587 907 625 ren
931 568 1066 643 querulam
1090 569 1121 624 ad
1143 568 1172 624 lu
1196 586 1300 624 uaccam
1316 586 1329 622 a
1345 568 1448 624 lunone

152 653 278 710 oculatus
295 656 391 725 Argus,
414 653 500 725 (talita
522 654 602 709 etiam
626 654 697 710 inter
724 673 772 711 eos
794 654 860 710 fides
883 653 933 728 est)
958 671 991 709 ne
1014 654 1157 726 quiequam
1181 670 1212 707 ex
1235 653 1358 726 pecuniis
1380 669 1448 726 pou·

152 737 243 794 tiliciis
266 738 424 794 sulluretur.
462 743 551 811 Atque
574 738 656 800 adeo,
680 757 696 794 u
720 738 827 801 llennu,
842 739 915 811 >qnid
938 737 1083 812 aliquande
1107 737 1150 792 liic
1174 737 1282 798 lecerit,
1307 737 1367 792 audi
1386 755 1447 811 pre·

152 840 215 879 cer:
245 823 371 884 nimium,
400 823 436 878 ita
461 824 592 879 medens
615 822 684 879 liene
708 831 792 884 araret,
822 823 848 878 id
873 822 921 877 titi
949 839 1060 878 rrarrare
1089 823 1193 895 gestie:
1227 821 1393 894 dispeream,
1424 823 1446 876 si

129 919 210 963 buon
238 907 368 963 fidissime
392 907 526 980 ‹pirendam
549 908 679 981 gravique
709 916 836 964 narrante
865 908 922 963 viru
954 925 1053 963 intensae
1085 906 1234 962 inserviens
1264 907 1334 980 apud
1364 908 1448 980 magi·

151 1000 241 1048 strum
264 992 419 1047 audiverim.

218 1077 343 1158 llen'no.
381 1076 500 1132 Olrseem
523 1078 587 1150 qnid
611 1078 635 1133 id
659 1080 720 1133 est‘l
1562 1139 1566 1147 ,

217 1161 311 1217 l'ner.
350 1160 457 1216 Veratau
481 1162 512 1217 ad
535 1179 637 1218 emnam
660 1180 674 1216 a
697 1161 788 1235 legate
811 1170 941 1218 matronae
956 1169 1048 1223 erant,
1072 1177 1125 1215 nou
1144 1159 1264 1234 impurae.
1283 1169 1339 1215 tum
1357 1162 1514 1216 autentu.

154 1246 240 1302 lurmu
264 1247 403 1320 praestanti
426 1264 456 1300 ae
479 1247 615 1319 primariae
638 1247 732 1302 etiam:
756 1265 816 1320 quae
838 1265 900 1303 enm
923 1245 1127 1306 arridmissent.
1158 1246 1230 1301 inter
1250 1247 1318 1301 duas
1341 1263 1371 1300 es
1396 1246 1446 1307 lais,

115 1331 239 1386 rei-eluti
263 1331 364 1393 llusas.
394 1331 438 1387 liic
461 1349 489 1386 se
513 1330 610 1404 Apelle
634 1332 743 1387 tertium
767 1332 923 1405 cunipesuit
944 1331 1095 1387 cetininam:
1125 1330 1171 1404 qui
1199 1348 1260 1386 rum
1289 1329 1364 1403 leqni
1387 1349 1469 1387 ‹enm-

152 1415 196 1472 lris
219 1433 272 1471 nen
296 1417 446 1489 potuisset.
476 1434 564 1489 neque
588 1415 641 1473 illae
666 1417 754 1490 ipsum
785 1415 986 1489 intelligerent,
1015 1416 1098 1489 cupit
1126 1415 1238 1471 nntilms
1269 1414 1448 1488 gestibusque

152 1500 211 1556 suis
235 1500 383 1556 adblandiri
406 1500 459 1562 eis.
483 1509 565 1574 atque
588 1502 619 1556 ed
642 1518 688 1557 eas
711 1500 846 1557 alludere:
870 1520 931 1574 qna,¹
953 1519 1014 1557 eum
1038 1517 1139 1556 aversae
1162 1499 1280 1555 huminis
1295 1500 1449 1555 ineunditus

153 1602 243 1640 meres
266 1585 482 1647 detestarentur,
512 1584 720 1642 benivolentiam
749 1587 869 1660 ipsarum
893 1603 937 1648 re,
966 1604 1026 1641 eum
1050 1583 1138 1640 verbis
1162 1602 1215 1640 nun
1238 1593 1347 1658 posset,
1376 1603 1451 1641 reru·

153 1687 249 1744 parare
273 1669 324 1725 sibi
348 1687 495 1743 aggressus
518 1678 573 1726 est:
604 1672 799 1745 eoiirprelieusa
822 1671 954 1744 siquidem
979 1669 1105 1732 alterins,
1136 1687 1196 1744 qnae
1224 1669 1296 1725 inter
1317 1677 1449 1743 utrasque

115 1755 250 1812 islormae
272 1754 387 1828 palmam
410 1755 544 1815 obtinuit.
575 1774 654 1812 mann
682 1773 804 1812 erassum
831 1774 862 1811 ae
890 1755 969 1829 plane
997 1754 1126 1829 equinum
1156 1771 1251 1827 penem
1280 1754 1375 1826 caligis
1405 1772 1449 1819 es·

154 1848 272 1895 tractum
301 1841 327 1895 in
357 1858 463 1896 uranum
487 1838 574 1896 lledit.
619 1841 664 1896 illa
687 1841 790 1914 ingenti
821 1841 983 1914 iusiieteque
1014 1839 1108 1895 territa
1135 1849 1258 1895 munstre
1289 1857 1320 1893 ae
1348 1838 1449 1894 rnlmre.

154 1925 265 1998 perlusa
289 1934 346 1981 tota
369 1942 476 1981 inanum
500 1926 571 1981 liaiid
594 1942 672 1981 secus
696 1926 776 1999 quam
792 1925 814 1981 si
838 1934 991 1998 serpentem
1014 1923 1190 1994 currtigisset,
1214 1924 1309 1998 pavida
1326 1924 1448 1979 retraxit.

219 2009 347 2066 llenuu.
385 2009 453 2077 Quid
477 2011 575 2084 reliqui
599 2011 823 2077 veronensium?
856 2009 1172 2065 intellexurnntantem?
1196 2026 1285 2088 aritine
1303 2007 1450 2064 illumina·
1508 2048 1516 2059 .

154 2091 260 2149 ledietis
283 2095 458 2168 lustiliusqne
480 2095 596 2151 eiectum
619 2096 741 2151 sintarine
764 2094 833 2151 male
857 2094 1059 2150 tractaverunt?

115 2197 145 2236 eu
219 2179 315 2234 Puer.
354 2180 475 2241 llinime,
505 2180 706 2237 Rliemanenses
729 2189 806 2236 erant
829 2197 921 2235 ornnes
945 2179 990 2252 qni
1014 2178 1136 2234 convivio
1167 2169 1361 2233 interfuerant:
1395 2194 1448 2232 nim

155 2263 262 2319 insueta
286 2263 340 2319 illis
363 2281 420 2325 res,
443 2264 567 2321 discussa
590 2266 645 2321 risn
668 2275 724 2321 est:
749 2283 819 2320 unias
842 2272 931 2320 tamen
954 2282 985 2319 es
1008 2262 1076 2325 illis.
1101 2263 1131 2318 ad
1156 2280 1234 2337 quem
1251 2260 1449 2336 aliquantulum

155 2347 261 2404 iniuria¹
284 2350 344 2404 eins
368 2367 430 2422 pars
452 2349 620 2422 pertinebat.
644 2349 880 2406 eiirnmereliatnr:
904 2348 1008 2404 eximiae
1033 2349 1098 2422 ipsun
1114 2365 1178 2403 vere
1195 2345 1307 2421 puellae,
1331 2346 1450 2403 ilerriissu

155 2421 246 2494 vulsit.
271 2433 403 2488 rulrelmnt
427 2452 533 2496 onmes.
559 2434 682 2490 terebant
706 2443 804 2491 tanuen.

219 2517 345 2574 llenuu.
383 2519 477 2580 Fieda,
502 2520 538 2574 ita
560 2538 602 2575 me
624 2521 691 2576 dens
715 2520 782 2576 liene
806 2528 892 2580 uniret.
916 2535 961 2574 res
983 2527 1039 2573 est:
1070 2534 1122 2589 ego
1145 2517 1270 2590 prefectu
1294 2516 1376 2588 virgis
1399 2526 1518 2590 pulte.

115 2600 226 2662 multoe
248 2621 348 2659 rasum
372 2622 402 2660 ae
425 2602 508 2659 altera
532 2603 650 2660 abscissa
674 2622 739 2660 anre
762 2622 833 2678 pago
855 2603 1009 2665 eiecissem.
1039 2602 1102 2658 lmie
1131 2598 1258 2657 nelnduni
1291 2601 1449 2675 turpissime

155 2704 241 2761 prepe
264 2685 469 2762 supplicassem.
514 2689 564 2744 Sed
588 2689 670 2751 luens,
695 2690 799 2756 llnmu,
830 2698 907 2745 estne
930 2697 957 2743 et
980 2687 1084 2760 reliqna
1108 2687 1189 2742 liuius
1211 2686 1343 2743 lemani
1367 2685 1450 2758 legati

156 2771 255 2827 familia
279 2774 323 2829 isti
348 2772 438 2829 lenoni
462 2772 648 2847 impurissime
671 2773 787 2830 similist

217 2858 315 2913 Puer.
353 2859 511 2914 Uniusmodi
535 2860 661 2932 pruleetu
685 2877 793 2925 pitines,
817 2869 898 2932 atque
922 2858 989 2914 aden
1013 2866 1127 2932 periples
1149 2865 1245 2930 stupra
1262 2855 1450 2928 adulteriaque

154 2959 185 2998 ae
214 2942 320 3016 reliqna
348 2941 451 2999 seelera
480 2960 534 2999 nun
563 2944 644 2999 ariade
674 2945 738 2999 odiu
765 2952 973 3018 prosequuntur
999 2961 1013 2998 a
1040 2943 1157 3003 ciuilius,
1191 2959 1283 2997 rerum
1313 2942 1394 2996 etiam
1425 2941 1449 2994 ri

116 3036 239 3100 aratque
262 3027 333 3083 telis.
1256 3096 1261 3103 .

219 3111 344 3169 llenuu.
382 3113 478 3168 llirnui
502 3113 575 3186 quud
598 3114 656 3170 liare
679 3115 856 3186 riragistratns
880 3112 1036 3186 patiuntur:
1059 3129 1091 3166 rs
1115 3111 1165 3166 liae
1186 3120 1261 3167 rerte
1284 3108 1384 3165 lamilia
1400 3106 1519 3164 ‹le-lid·

155 3197 244 3253 minus
269 3199 326 3271 ipse
348 3196 428 3270 plane
451 3200 636 3271 cognoscitur.
682 3199 768 3254 audivi
799 3198 931 3271 quendam
955 3198 992 3252 ita
1020 3196 1119 3253 dixisse
1150 3194 1214 3250 elim
1243 3192 1448 3268 philesoplmm.

155 3281 249 3355 quales
273 3284 299 3337 in
323 3282 461 3356 repnlrliea
484 3284 621 3357 principes
645 3291 723 3344 sunt.
748 3282 815 3337 inm
839 3281 962 3354 reliques
984 3299 1045 3337 esse
1068 3279 1158 3350 suleqe
1181 3281 1262 3334 eires.

219 3367 318 3423 l'ner.
345 3367 540 3442 'l'lrilusuplms
564 3386 627 3424 num
651 3376 680 3423 tn
704 3385 747 3430 es,
772 3367 884 3421 llennii?

118 3467 146 3508 ss
222 3451 350 3507 llenuu.
387 3453 463 3509 lieet
486 3452 668 3527 philusuplms
691 3469 745 3508 nen
769 3453 833 3513 sim,
862 3451 914 3505 line
944 3451 1001 3505 sein
1031 3458 1118 3505 [anien
1148 3456 1176 3503 et
1204 3456 1374 3521 corripertnm
1399 3464 1450 3502 usn

155 3536 252 3592 liabeo.
296 3537 383 3610 l'ape.
407 3537 468 3611 qnis
491 3538 535 3593 liic
558 3547 614 3600 est,
639 3557 655 3589 n
679 3537 783 3596 llrnno.
808 3551 887 3609 quern
911 3533 1175 3608 appropinquantem
1199 3532 1290 3593 virleu,
1314 3532 1450 3587 huminem

156 3631 260 3677 statura
284 3621 378 3695 lunga,
402 3623 491 3678 serice
515 3623 652 3682 irnlntnm.
677 3621 750 3695 pileu
773 3620 906 3680 rutinnlu,
931 3619 1016 3674 instar
1038 3617 1106 3673 lrirei
1131 3616 1287 3676 barbatum.
1317 3614 1449 3690 plurimas

157 3724 235 3762 mann
260 3706 347 3763 lmllas
370 3708 528 3779 gerentem?
552 3708 639 3781 ipsum
663 3707 764 3780 opiner
786 3722 846 3760 esse
868 3703 998 3777 legatum.

176 3844 180 3852 ,
220 3792 316 3847 l’ner.
355 3791 378 3846 ls
401 3801 459 3851 est:
482 3800 683 3865 praecepturum
707 3791 825 3846 videsis
849 3806 968 3849 ineatur.
992 3787 1095 3844 llenuu.

119 3891 148 3931 se
220 3876 372 3948 legatus
396 3877 596 3932 illiomanus.
634 3875 727 3931 Nimia·
756 3893 829 3931 eitra»,
859 3875 996 3947 muriaque
1027 3870 1186 3927 sollicitudo
1213 3886 1268 3926 nan
1291 3869 1384 3924 sinunt
1406 3875 1520 3927 meldi.

156 4041 358 4050 -—-

226 4141 233 4174 ¹
254 4143 288 4193 sd
307 4141 346 4207 Iol
366 4146 401 4206 es.
415 4159 437 4192 e.
449 4159 490 4207 pr.
505 4142 607 4205 Hygiu.
622 4142 679 4191 lab.
697 4140 752 4190 tte.
823 4139 879 4173 ²⁸⁴⁵
897 4140 1008 4206 publice
1028 4154 1091 4188 eres.
1109 4135 1172 4203 ete]
1191 4136 1233 4186 Cf.
1253 4137 1451 4201 Bambergens.

159 4233 209 4277 nrt.
223 4226 389 4289 223.§§.2l.4.
409 4226 487 4276 CCC.
503 4231 554 4275 art.
570 4225 626 4275 tus.
641 4227 680 4287 §3-
694 4225 719 4276 3.
733 4226 757 4275 t.
793 4224 815 4256 ²³
834 4244 840 4287 ;
861 4231 889 4275 et
906 4225 970 4274 huie
991 4228 1017 4274 3.
1052 4221 1075 4255 ²⁹
1093 4227 1296 4288 prosequuntur
1314 4237 1331 4270 a
1350 4218 1415 4285 eim]
1434 4224 1451 4271 l.

159 4317 290 4378 petuntur
309 4328 326 4362 s
345 4330 368 4362 e.
440 4309 460 4342 ³¹
482 4309 640 4360 Notissimnm
658 4310 818 4376 proverbium
837 4311 910 4360 ‘We
928 4312 976 4359 der
994 4309 1076 4368 Hm,
1094 4322 1123 4357 se
1142 4309 1190 4356 der
1208 4306 1326 4358 Kaeedt'.
1352 4306 1403 4356 Cle.
1417 4306 1453 4354 ud

158 4399 214 4447 Aer.
228 4398 260 4448 V.
277 4397 344 4460 ll,t.
376 4397 464 4460 „illan
482 4391 531 4447 ela
548 4386 591 4462 p'q‘
611 4389 749 4445 de'enorver
768 4391 855 4459 [τοῖαι
872 4390 922 4444 καὶ
941 4389 1183 4457 θεραπαινίδεςΓ.
1221 4390 1292 4440 Idem
1305 4391 1341 4439 ud
1353 4391 1415 4453 sum.
1429 4390 1451 4440 1.

157 4480 211 4541 92⁸·
231 4496 313 4547 „qum
336 4487 400 4531 sunt
424 4483 497 4547 apud
515 4483 659 4532 Platonem
683 4485 806 4529 raostrnm
830 4479 941 4543 seriptis
960 4477 1093 4527 divinitus
1119 4474 1232 4538 ‘Quales
1256 4475 1284 4525 iu
1308 4473 1452 4542 republica

159 4567 298 4632 principes
319 4571 426 4626 essent,
446 4566 519 4615 isles
538 4566 659 4630 reliquos
678 4565 767 4614 solere
787 4578 847 4613 esse
872 4562 987 4615 eives'.“
1007 4549 1059 4611 'Et
1077 4561 1129 4610 les.
1144 4558 1229 4608 Sirue.
1243 4559 1276 4608 X.
1289 4558 1314 4607 2.
1335 4557 1453 4619 „Qualis

159 4656 249 4700 rector
269 4655 311 4699 est
330 4651 470 4709 ciuitatis,
490 4649 563 4699 tulos
583 4653 611 4697 et
629 4647 821 4697 inhabitantes
840 4649 869 4697 iu
888 4649 949 4697 ea''.
976 4646 1014 4710 (Υ.
1031 4644 1194 4695 Ρνουινὺίον.
1208 4643 1307 4695 XXIX.
1328 4642 1366 4692 tr.
1386 4649 1452 4691 etr.

158 4733 180 4766 ⁴⁰
198 4735 268 4784 nunt
283 4734 404 4800 legatum
419 4735 488 4784 bone
503 4735 616 4783 lectum
669 4729 767 4797 tegat]
787 4733 905 4781 Ioannes
917 4730 1040 4795 Angelus
1058 4726 1263 4785 Arcimboldus,
1282 4726 1316 4776 tle
1330 4742 1382 4792 qno
1394 4726 1450 4776 sid.

1163 4813 1227 4874 32·
