3330 5408
195 343 268 412 568
639 367 758 403 utnon!
778 366 1048 438 PSBVDORVTTsslCI.

257 531 385 586 Pietas.
423 527 528 584 Stultos
557 527 680 601 quidem,
711 526 757 581 sed
787 525 894 582 minime
923 524 1143 598 superstitiosos.
1174 532 1201 578 ct
1230 525 1276 598 qui
1308 525 1410 580 officiis
1432 526 1490 581 suis

120 632 124 639 ’
165 666 168 670 Α
194 618 282 672 hetam
306 614 482 670 ostenderent
503 611 687 673 sanctitatem.
710 618 841 666 caeterum
865 610 955 680 animo
977 618 1005 665 et
1027 607 1122 664 Milesii
1144 617 1172 664 et
1195 609 1383 684 Sardanapali.

136 690 139 695 ¹
258 699 488 773 Superstitio.
527 698 608 770 Atqui
632 696 705 750 vides
728 712 769 751 me
792 695 966 769 prevatluisse
989 695 1055 750 meis
1077 693 1167 767 ungis.

141 789 187 837 §.e
231 832 236 842 .
262 784 387 839 Pietas.
425 783 456 838 Et
479 782 597 838 cessabis
620 782 711 839 etiam.

257 868 490 943 Superstitio.
525 867 558 922 Ut
579 865 647 927 dixi,
670 865 721 921 hoe
744 882 797 920 non
820 864 875 920 het.

260 954 391 1008 Pietas.
429 952 485 1024 Ego
508 960 534 1007 te
557 951 675 1025 perdam.

258 1038 493 1111 Superstitio.
531 1039 565 1091 ht
588 1053 639 1109 ego
662 1035 873 1090 llohenstratum
896 1033 1029 1108 imploro,
1054 1034 1264 1108 Superstitioais
1287 1043 1439 1108 parentem.

257 1124 383 1179 Pietas.
416 1121 490 1186 lllam
514 1121 598 1177 totius
621 1120 694 1177 orbis
717 1129 820 1193 pestem
842 1129 870 1177 et
892 1120 1078 1176 studiosorum
1101 1120 1284 1176 daemonium?

195 1202 202 1207 ’
260 1206 494 1281 Superstitio.
533 1205 598 1261 Eum
621 1207 709 1278 ipsum
731 1205 870 1260 dentatum
893 1205 1038 1278 gryphum.

259 1293 312 1347 l‘ie
323 1301 381 1347 tas.
418 1294 453 1345 at
475 1309 527 1363 epo
542 1290 674 1346 Caesarem
695 1288 805 1364 appello
820 1298 847 1345 et
863 1290 1013 1346 Germanias
1028 1307 1156 1364 proceres
1172 1296 1200 1344 et
1215 1289 1366 1346 Germanos
1383 1308 1486 1353 omues.
1498 1299 1520 1337 ¹⁰

195 1378 330 1451 genirinos
352 1385 382 1432 ut
406 1375 444 1431 illi
467 1383 611 1433 conterant
632 1375 806 1448 linguamque
829 1374 985 1450 praecidant.
1346 1367 1353 1379 ’

260 1460 496 1535 Superstitio.
534 1459 565 1515 Et
589 1459 700 1533 praecisa
724 1457 815 1532 lingua
840 1453 982 1515 balbutiet.

260 1548 386 1601 Pietas.
424 1547 488 1601 Tam
511 1563 621 1600 severus
644 1547 704 1600 est?

141 1639 186 1687 §.h
260 1631 495 1704 Superstitio.
534 1629 773 1685 Truculentissima
796 1628 892 1685 bestia.
929 1629 1046 1702 quodsi
1070 1628 1204 1685 solanon
1228 1629 1488 1691 srrllecerit‚heum

196 1715 270 1772 illum
294 1716 342 1772 tihi
365 1715 484 1790 oppedet
505 1715 536 1770 ad
561 1714 772 1771 maledicendum
796 1714 982 1770 tautummodo
1005 1723 1111 1776 natum,
1134 1722 1162 1769 et
1184 1713 1249 1769 alias
1274 1714 1315 1769 his
1339 1713 1415 1769 mille
1439 1715 1486 1789 hy·
1498 1724 1519 1764 aa

195 1802 257 1856 dras
281 1818 347 1874 quas
369 1801 456 1861 locet.
480 1800 580 1874 quibus
603 1800 624 1853 si
650 1817 731 1854 unuin
755 1799 898 1855 rescideris
920 1808 1017 1872 caput.
1040 1799 1132 1854 decem
1155 1797 1332 1872 repullulent.

257 1886 381 1941 Pietas.
420 1885 470 1952 Oui
493 1893 557 1940 suut
579 1884 636 1939 illi?

259 1970 491 2044 Superstitio.
530 1970 650 2045 llagistri
674 1970 760 2024 nostri
783 1970 816 2025 de
839 1968 966 2029 Colonia.
990 1968 1184 2041 Theologistae.

259 2056 383 2111 Pietas.
420 2054 454 2111 Ut
468 2055 562 2116 video.
585 2054 658 2110 nulla
681 2053 732 2109 alia
754 2072 849 2110 caussa
872 2063 928 2115 est,
950 2072 1000 2110 cur
1023 2053 1097 2128 impii
1120 2053 1197 2109 multi
1213 2055 1282 2118 sint,
1307 2072 1391 2128 quam
1407 2055 1487 2111 tactio

198 2139 444 2212 'llieologistarum
1495 2151 1518 2189 ro

141 2234 187 2285 §.ts
261 2225 492 2298 Superstitio.
528 2225 617 2298 Prope
639 2224 728 2303 divina
751 2223 856 2283 fueras:
878 2224 925 2278 sed
948 2224 1033 2279 relert
1056 2241 1126 2297 quos
1148 2222 1213 2279 velis
1237 2224 1405 2298 'llreologos
1428 2224 1487 2280 lite·

196 2309 266 2365 rales
290 2309 364 2370 illos,
388 2327 421 2364 an
445 2309 597 2382 sophistas,
621 2309 790 2370 Thomistas,
814 2308 995 2367 Scotorellos.
1019 2308 1194 2371 hlhertistas,
1223 2309 1409 2371 llarsilianos,
1440 2311 1486 2366 tte-

194 2395 328 2455 cauistas.
353 2395 495 2457 Eccianos,
518 2394 671 2466 Egidianos.

257 2479 388 2535 Pietas.
426 2478 494 2546 Quid
517 2478 569 2534 hoe
591 2478 690 2534 audiol
714 2495 781 2551 ergo
803 2478 904 2534 divisus
927 2488 969 2534 est
992 2479 1132 2535 Christus?

126 2554 130 2567 ⁸
225 2563 494 2637 1·Superstitio.
532 2563 635 2619 llivisus
658 2563 746 2637 plane.
1035 2557 1046 2571 ⁴
1493 2574 1516 2612 ss

260 2649 387 2704 Pietas.
426 2649 491 2717 liure
513 2666 581 2721 ergo
604 2649 689 2721 magis
713 2647 865 2720 Theologil

195 2774 199 2788 .
259 2734 489 2808 Superstitio.
527 2732 601 2800 Quos
630 2733 726 2789 ultimo
754 2734 894 2795 recensui,
924 2733 976 2788 hoc
1004 2733 1143 2789 hominnm
1172 2750 1258 2806 genus
1289 2735 1364 2809 quod
1387 2736 1485 2810 passim

194 2818 375 2875 calumniatur
396 2818 495 2874 ieiunia.

141 2912 188 2962 §.a
261 2904 387 2958 Pietas.
426 2904 521 2959 Caeteri
545 2920 612 2975 ergo
635 2921 729 2976 piantur
752 2901 901 2975 Theologi'?

258 2988 489 3061 Superstitio.
528 2987 582 3043 luro
605 3005 638 3043 no
660 2987 791 3059 Theologi
816 2988 939 3060 quidem.
963 2988 1008 3042 scd
1032 2989 1212 3058 grammatici.
1236 2988 1371 3052 litorales,
1401 2999 1515 3064 atquem

194 3091 225 3128 ea
249 3082 352 3128 tanturm
376 3082 522 3129 tractantes
545 3088 607 3145 quae
629 3073 660 3127 ad
684 3073 811 3146 pietatem
827 3081 966 3146 spectent,
989 3081 1117 3128 ceteram
1132 3073 1242 3129 aculeos
1258 3076 1444 3147 questionum
1460 3084 1485 3130 et

195 3159 322 3231 quicquid
345 3166 387 3213 est
409 3157 647 3231 syllogismorum,
671 3159 723 3213 hoe
745 3157 951 3228 magnanimiter
971 3165 1157 3215 contemnunt.

258 3243 383 3298 Pictas.
423 3243 477 3298 llos
499 3261 551 3315 ego
574 3242 752 3316 praetulerim.

259 3328 493 3400 Superstitio.
531 3328 616 3383 Credo
639 3327 773 3400 equidem.

258 3412 387 3467 Pietas.
408 3413 520 3468 ‘Caeteri
544 3429 607 3468 vero
630 3412 694 3486 quid
716 3412 850 3479 doceutl,
1494 3427 1516 3465 sa

140 3512 188 3562 ts.
261 3498 499 3570 Superstitio.
538 3496 739 3571 Euthyuteurata
762 3506 874 3553 nectunt
902 3507 929 3553 et
956 3497 1141 3559 inductiones.
1171 3515 1226 3554 nou
1254 3498 1349 3571 quales
1382 3510 1486 3556 veteres
1526 3510 1529 3517 ⁴

193 3580 231 3636 illi
256 3583 387 3655 sophistae
410 3583 549 3643 rhetores,
573 3582 619 3638 sod
643 3583 734 3638 nescio
757 3601 824 3655 aquas
847 3582 912 3638 alias
935 3582 1086 3645 somniant,
1110 3600 1178 3656 quas
1193 3583 1360 3639 concludunt
1375 3586 1402 3640 iu
1417 3585 1485 3640 lleu·

193 3665 324 3729 liarlraro,
348 3678 372 3722 et
397 3668 493 3728 llraca.
517 3667 668 3741 plerasque
691 3669 716 3722 iu
740 3668 833 3734 llario,
857 3669 955 3740 opinor
977 3667 1024 3723 illo
1048 3668 1188 3723 l‘ersarum
1202 3685 1290 3738 nge,
1315 3669 1349 3724 iis
1372 3670 1484 3725 somniis

193 3769 254 3823 quae
278 3753 304 3806 iu
327 3753 469 3826 scripturis
492 3761 585 3826 aperta
608 3760 685 3813 suut.
710 3752 743 3806 iis
767 3752 927 3825 labyrinthis
951 3752 1091 3809 involvunt
1114 3751 1215 3814 omnia,
1237 3762 1267 3808 et
1289 3771 1406 3828 scrupos
1429 3773 1484 3810 nao-

192 3845 254 3891 vent
277 3838 371 3892 animis
395 3836 543 3892 vetularum
567 3836 607 3908 (ut
629 3837 662 3892 tle
686 3835 739 3891 illis
762 3838 934 3910 prophetavit
950 3836 1108 3912 Apostolus)
1131 3838 1249 3912 captivas
1271 3837 1405 3895 ducentes
1426 3850 1514 3895 mett

195 3920 334 3982 hercules,
358 3932 484 3978 oneratas
507 3921 640 3994 peccatis,
666 3931 695 3977 ut
717 3923 862 3978 corradant
885 3923 1020 3997 pecunias.

257 4007 385 4062 Pietas.
423 4008 520 4061 deuant
542 4007 687 4079 pecunias?

136 4092 183 4138 tt.
256 4091 483 4164 Superstitio.
521 4092 616 4146 hirriunt
640 4109 718 4165 quam
742 4092 866 4166 maxime,
891 4102 971 4166 atque
994 4092 1121 4148 mulieres
1144 4102 1170 4148 et
1187 4102 1291 4155 scorteu
1314 4093 1413 4149 deinde
1429 4096 1483 4168 pri·

192 4192 248 4230 mas
271 4176 411 4232 cathedras
434 4184 462 4231 ct
485 4176 624 4248 magnifica
648 4177 754 4232 uomina
778 4177 989 4251 pharisaeorum,
1015 4187 1043 4232 ut
1067 4186 1196 4233 vorentur
1211 4178 1244 4232 ah
1262 4179 1419 4234 hortiiuihus
1435 4180 1482 4234 tta·

192 4259 270 4321 itinn,
294 4262 367 4334 quod
390 4270 432 4317 est
454 4261 583 4332 margister
605 4271 711 4324 noster;
735 4262 846 4318 student
866 4264 947 4318 etiam
970 4264 1056 4319 ventri
1078 4272 1107 4319 et
1128 4264 1208 4319 variis
1228 4263 1343 4324 deliciis.
1367 4282 1422 4338 quo
1446 4265 1481 4323 lit.

194 4355 224 4401 ut
247 4345 302 4400 sint
324 4346 428 4419 adiposi
452 4355 480 4402 et
501 4347 593 4407 crassi,
617 4346 663 4402 sed
686 4349 834 4403 crassiores
859 4348 977 4420 iugenio.

257 4524 268 4556 ²
286 4527 382 4577 molles
401 4533 429 4578 et
442 4529 604 4578 effeminati.
673 4527 694 4560 ²¹
713 4528 791 4579 Paul.
807 4545 850 4595 ep.
864 4531 885 4579 1.
900 4530 935 4579 ad
948 4530 1010 4580 Cor.
1024 4532 1047 4581 1.
1065 4529 1102 4580 ta.
1167 4529 1223 4563 ⁸²⁴⁸
1241 4531 1423 4582 Renbsrbero
1440 4529 1480 4597 eol

189 4611 208 4661 i.
223 4628 247 4660 e.
261 4612 385 4661 Barbara
404 4618 432 4662 et
444 4614 550 4664 Beroea
569 4619 598 4663 et
610 4615 697 4663 Darii.
728 4615 772 4663 Cf.
787 4620 838 4664 art.
853 4614 1020 4680 syllogismi.
1058 4615 1217 4666 Rebarhnro
1234 4620 1259 4665 2.
1330 4614 1354 4650 ⁰
1376 4614 1481 4683 Apostd

191 4695 268 4743 Paul.
285 4712 326 4759 ep.
341 4697 375 4746 11.
391 4698 426 4746 ad
438 4699 556 4748 Timoth.
571 4699 627 4748 111:
634 4698 658 4748 lh
711 4696 733 4729 ⁴⁴
751 4699 793 4748 Cf.
808 4700 904 4751 Ionnn.
916 4702 975 4751 XX.
991 4700 1030 4751 16.
