3276 5414
452 1085 637 1162 ECCIVS
687 1086 1012 1164 ttuboun'rt'b

148 1331 278 1387 Eccius.
316 1333 455 1404 (lmagne
478 1331 578 1404 olympi
601 1338 691 1388 rector
713 1339 740 1386 et
762 1331 851 1386 muudi
875 1331 985 1393 arbiter,
1387 1351 1430 1397 et.
1466 1346 1469 1351 ’

313 1416 365 1471 leun
388 1425 477 1472 statuo
501 1416 606 1472 taudem
630 1414 756 1488 gravibus
778 1417 905 1472 rerumnie
928 1417 1044 1473 modum.

10 1513 18 1546 t
92 1502 158 1570 Quin
181 1501 252 1557 enim
276 1500 303 1555 iu
326 1501 407 1556 tontis
429 1500 506 1556 inelis
528 1499 599 1556 uliud
622 1517 729 1572 agerem
752 1517 831 1574 quam
853 1495 1036 1576 spayorleirt
1064 1511 1108 1557 am
1138 1510 1180 1556 est
1208 1510 1373 1575 piurutrugoe·

11 1602 16 1629 ¹
69 1588 189 1648 odiose?
1339 1578 1342 1585 ’

314 1670 444 1745 quiolis
465 1679 554 1726 crater
577 1670 692 1727 ethnaeo
715 1672 777 1745 igne
800 1672 918 1727 refertus

314 1749 365 1811 l‘er
387 1755 514 1811 alilietum
538 1755 602 1810 mihi
625 1765 650 1811 et
675 1756 855 1811 miserandum
878 1773 977 1826 eorpus

313 1841 429 1897 Summis
451 1858 465 1895 a
488 1839 610 1896 inanibus
634 1841 659 1896 in
683 1842 750 1896 imos
773 1850 897 1914 penetrat
918 1842 1000 1915 peries

312 1926 385 1982 'lulio
408 1924 528 1982 malefico
552 1924 667 1999 bilisque
691 1926 803 1981 humore
826 1943 932 1988 amnem

315 2011 383 2077 tluiu
406 2011 466 2066 imis
489 2010 636 2067 visceribus
659 2029 785 2067 succensu
807 2010 893 2067 currit
915 2009 974 2066 lues

314 2095 438 2150 Fluminis
461 2094 587 2150 violentis
609 2112 716 2152 curnem
739 2096 807 2152 lmus
828 2096 984 2170 depascens.

312 2181 383 2236 Proh
407 2198 485 2254 quom
506 2198 608 2236 suevum
631 2181 682 2238 hoc
705 2180 803 2237 molum
825 2190 881 2242 est.
906 2179 1017 2237 incoluit
1039 2178 1128 2239 anlon.

314 2265 371 2320 Urit
393 2264 487 2327 libras,
512 2264 576 2321 selle
598 2266 698 2321 siccato
721 2266 797 2322 nudet
820 2266 901 2327 ieeur,
1017 2322 1020 2328 Δ

312 2350 340 2405 lu
363 2358 440 2405 ortus
461 2351 547 2424 pestis
570 2360 594 2425 et
620 2368 680 2406 ossn
704 2351 761 2407 hmo
781 2351 838 2406 (liro
862 2351 963 2406 incidit.
1016 2397 1019 2403 .

59 2457 83 2496 rs
314 2435 384 2497 lleu.
407 2436 474 2507 heu,
497 2434 596 2493 nulum
619 2436 670 2492 hoc
693 2445 806 2497 tetrum,
830 2443 917 2491 restno
937 2444 1014 2491 totus
1037 2435 1127 2490 misor.

92 2521 176 2581 Coelo,
200 2536 279 2594 puer.
303 2521 476 2581 cantharum
499 2520 646 2577 exhaustus
667 2531 725 2582 ost,
756 2522 852 2576 iterum
877 2520 965 2594 imple.
1010 2521 1108 2576 iterum
1130 2520 1288 2575 cnrrtlrnrom
1312 2517 1369 2579 tihi,
1386 2528 1431 2576 te.

92 2623 171 2679 puer.
195 2604 269 2665 ilico.
294 2605 391 2661 iterum
415 2605 497 2679 reple.
534 2623 624 2661 cessas
647 2610 698 2661 ue?
722 2606 818 2661 iterum
841 2606 922 2662 cerlo:
953 2624 969 2660 o
992 2605 1053 2678 quis
1075 2605 1156 2665 lster,
1181 2623 1197 2659 o
1221 2605 1281 2677 spiris
1304 2603 1372 2659 llhe·

92 2708 142 2746 nus
165 2707 239 2745 meos
261 2691 432 2763 extingueret
454 2691 587 2764 vapores?
610 2691 674 2765 quin
697 2708 746 2747 nec
767 2698 846 2764 pater
867 2691 987 2747 Oceanus
1010 2691 1075 2763 ipse.

154 2775 247 2829 l'uer.
284 2777 318 2829 lt
341 2783 382 2837 tu.
407 2775 485 2837 here.
510 2784 611 2848 quanto
634 2775 695 2850 plus
717 2774 801 2837 bibis,
825 2784 901 2831 tuoto
917 2775 978 2849 plus
993 2776 1078 2837 sius.»
1093 2775 1156 2849 quitl
1178 2774 1249 2830 enim
1265 2773 1373 2847 Lyceum

56 2860 172 2934 ¹mhpoo
195 2859 448 2934 superingurgitons
471 2859 543 2918 aliurl
565 2861 637 2934 ogis.
668 2878 746 2933 quiem
770 2862 841 2934 qiioxl
865 2861 995 2916 hommem
1020 2862 1081 2935 igue
1104 2860 1263 2933 extinguere
1293 2875 1373 2915 coue-

93 2947 148 3000 ris'?
176 2944 251 3012 tJuotl
274 2944 296 2999 si
319 2954 345 3000 te
369 2944 475 3018 liquore
497 2954 616 3020 puroet
639 2964 652 3000 a
676 2943 805 3001 Semeleia
830 2944 907 3019 prole
935 2946 1057 3002 seiuncto
1086 2945 1291 3018 refrigerasses.
1324 2960 1373 3000 uec

94 3038 121 3084 tu
146 3030 180 3086 ita
204 3038 347 3091 metueres.
377 3047 426 3086 nec
448 3048 499 3103 ego
523 3031 603 3086 hodie
624 3030 781 3087 reinherum
805 3030 970 3104 porrigendo
993 3031 1059 3087 arleo
1081 3030 1246 3102 defetigatus
1274 3046 1370 3085 essem.

156 3115 286 3170 hocius.
328 3115 425 3188 Atqui.
468 3116 592 3177 hirciler.
631 3115 736 3170 hiscere
775 3116 877 3170 otides?
911 3116 975 3187 quiu
1008 3114 1219 3189 philosophetur
1255 3112 1430 3181 nebulo‘lp,3‚

93 3200 266 3260 tlnnthurum,
283 3200 422 3274 inquom,
456 3201 536 3261 cerlo.
571 3208 671 3273 tuoque
706 3198 796 3256 olhcio
826 3200 952 3272 iungere.
986 3208 1013 3255 ct
1046 3208 1136 3256 tucens
1171 3199 1292 3272 quidem,
1326 3207 1372 3254 uut

59 3302 144 3359 nego
168 3284 230 3340 tibil

155 3371 250 3425 Puer.
288 3372 322 3425 ht
344 3386 396 3442 ego
418 3369 452 3425 ub
475 3369 563 3425 olhcio
587 3386 647 3424 meo
671 3369 739 3424 houd
762 3367 879 3424 alienum
902 3369 1043 3442 portabam,
1073 3370 1095 3424 si
1125 3367 1312 3442 qum'optime
1334 3368 1374 3423 lo·

93 3464 153 3512 reut
175 3455 241 3509 hero
264 3454 417 3511 sensissem.
455 3456 527 3527 quod
551 3455 572 3510 si
596 3453 681 3526 magis
705 3453 922 3526 obtemperasses
953 3454 1077 3516 niunitis.
1113 3472 1161 3509 oce
1188 3453 1238 3508 sub
1268 3452 1373 3507 initium

91 3534 283 3602 curn'manus,
316 3539 397 3613 peiles
419 3548 446 3595 et
468 3547 548 3613 caput
572 3539 642 3594 inter
664 3536 862 3597 verbalissimos
885 3557 985 3611 nugas,
1014 3538 1147 3593 ‹lernoutis
1170 3538 1269 3598 iustos,
1299 3535 1374 3591 iusti·

94 3625 181 3685 tubus.
205 3641 234 3679 ue
259 3632 317 3679 toto
339 3642 455 3698 corpore
478 3623 595 3681 leliulom
618 3622 747 3683 saltubus.
770 3623 935 3697 insuperque
958 3623 1112 3680 Stentorem
1134 3621 1252 3678 clornure
1275 3636 1374 3694 exupe-

61 3710 186 3771 sornbus.
222 3709 288 3764 nileo
311 3709 482 3771 incoluisses,
517 3728 564 3765 nor
588 3726 657 3765 nunc
681 3708 787 3782 qriitlem
812 3716 864 3763 tom
887 3707 982 3766 acerbe
1011 3708 1071 3763 sitis
1101 3708 1158 3762 huc
1186 3714 1213 3762 te
1241 3706 1375 3762 cruciaret

93 3794 226 3850 Tantalea.

160 3975 191 4008 Μ
205 3977 301 4029 Seuec.
310 3977 393 4027 Herc.
407 3976 459 4026 ior.
471 3972 528 4027 205.
543 3992 583 4041 sq.
603 3977 635 4026 In
646 3994 702 4044 qu.
716 3977 917 4027 eliamSenerom
928 3976 1134 4041 parutrope’diut
1147 3980 1243 4024 erector.
1256 3975 1290 4037 cs.
1304 3990 1372 4038 apr.

93 4062 175 4111 llere.
184 4061 246 4111 Oet.
256 4060 329 4111 1222.
339 4060 410 4110 1277.
426 4088 456 4094 -
471 4060 681 4113 contumeliosae
695 4061 914 4126 conpellationes
926 4061 1041 4126 singulm
1055 4077 1087 4111 ex
1100 4060 1197 4125 quibus
1210 4060 1374 4110 comicorum

93 4144 161 4195 locis
180 4151 293 4210 sumptae
311 4148 379 4205 siut,
399 4146 531 4196 erlnotare
551 4146 621 4196 nolo.
674 4144 859 4210 ltpnycorlelr
878 4151 901 4198 1.
946 4145 1173 4211 perstreperliore
1188 4147 1246 4194 2.3.
1295 4140 1316 4175 ¹⁸
1333 4159 1374 4193 se·

93 4245 155 4280 uum
174 4233 229 4280 Ῑ.2.
287 4230 309 4264 ¹⁵
328 4237 405 4282 estuo
425 4235 480 4280 1.2.
544 4229 567 4262 '⁰
584 4228 707 4295 Lyaeum]
726 4231 881 4294 Bacchum,
902 4233 1001 4282 riuum.
1071 4228 1090 4262 ²¹
1111 4228 1200 4279 Semel
1219 4226 1297 4295 proh]
1316 4231 1374 4278 item

92 4333 125 4358 =
143 4316 215 4367 rino.
285 4314 340 4373 ”1³⁰
358 4317 448 4379 „Quis
465 4331 519 4366 uon
539 4316 634 4366 credet
652 4320 806 4377 auctorem,
830 4332 891 4367 eum
910 4316 968 4367 hoec
987 4315 1135 4377 scriberet,
1160 4315 1315 4379 respexisse
1340 4312 1374 4363 ud

76 4399 240 4470 ‚epistulam
258 4400 423 4451 Adelmeuui
436 4401 714 4451 adPirckheimorum
733 4399 775 4464 (iu
792 4401 949 4451 Heumeuni
966 4401 1071 4452 «luerim.
1086 4400 1127 4449 lit.
1145 4416 1170 4465 p.
1187 4398 1254 4461 159.)
1274 4398 1374 4463 ‘quelle

95 4485 167 4536 ‘vero
185 4486 213 4535 in
232 4486 437 4551 pronunciando
455 4501 485 4536 ee
506 4486 661 4536 exhibuerit
680 4484 815 4549 (lisoius),
835 4487 933 4552 paucis
952 4486 1064 4550 accipe:
1084 4493 1146 4535 num
1165 4484 1227 4534 dum
1247 4483 1282 4533 ed
1296 4499 1374 4533 oren·

95 4569 166 4619 ‘dum
178 4569 320 4635 pulpitum
338 4571 490 4622 escendere
508 4571 605 4633 vellet,
630 4570 719 4620 induit
737 4586 766 4620 se
785 4566 959 4637 copitio'ieto
978 4570 1166 4635 theologorum
1185 4568 1303 4635 pellibus
1327 4584 1373 4618 ce·

95 4655 189 4720 ‘priuis
207 4653 319 4705 suffulto
342 4655 449 4719 (deerat
462 4657 539 4707 euim
559 4657 586 4705 ei
604 4654 678 4705 eliud
696 4655 730 4706 ub
749 4638 834 4706 sireni·
849 4656 1046 4720 profusionem)
1071 4671 1103 4704 ec
1128 4654 1237 4719 longum
1260 4659 1321 4719 post
1343 4669 1373 4703 se

97 4739 221 4791 ‘caudam
241 4741 367 4802 trahens,
392 4745 519 4806 motuque
539 4741 661 4806 eorporis
678 4739 748 4790 uilsrl
767 4739 842 4790 elintl
865 4755 945 4805 quum
963 4740 1122 4790 histrionem
1142 4754 1240 4806 egene,
1267 4744 1374 4790 etcum
