3276 5414
620 1272 868 1348 FORTVNA

510 1410 695 1484 nutent-'s
728 1410 972 1472 nv'runnuvs.
1012 1425 1016 1431 ·

380 1580 633 1660 iittaniequutenes
655 1580 851 1666 HVTTENVS
874 1587 903 1639 et
925 1585 1105 1638 nonnius.

157 1818 332 1860 nvnansvs.
370 1799 410 1859 Da
434 1799 558 1879 aliquid,
582 1801 669 1868 hera.
694 1800 764 1859 mini
787 1818 891 1859 eorum
915 1798 1022 1878 quibus
1037 1798 1082 1857 isti
1099 1816 1156 1857 nnn
1174 1806 1262 1876 egent
1276 1798 1387 1858 divites.
1399 1805 1417 1856 t.
1429 1808 1446 1850 ¹·

158 1920 312 1960 annuens.
351 1903 387 1960 nt
410 1897 497 1977 egeni
519 1903 537 1962 ii
560 1904 652 1981 magis
675 1921 709 1961 ae
732 1901 824 1979 magis
847 1908 875 1960 et
897 1900 980 1978 piena
1004 1918 1122 1978 semper
1148 1908 1259 1977 petunt.

157 2022 332 2062 nvannsvs
371 2002 443 2063 Cum
467 2003 591 2081 plurima
614 2002 759 2063 habeant?

158 2123 310 2163 nonanus.
348 2102 420 2163 Cutn
443 2103 593 2165 abundent
616 2107 711 2166 etiam.

159 2224 333 2264 munusve.
371 2204 498 2265 Proinde
520 2205 565 2265 ias
588 2214 631 2267 est
654 2213 697 2273 te,
723 2206 839 2283 regina,
863 2205 962 2282 largiri
986 2222 1043 2264 nnn
1067 2204 1252 2265 habentibus.

159 2327 311 2367 nonanus.
349 2308 385 2366 at
407 2307 503 2383 ipsunt
526 2307 583 2367 hec
606 2325 664 2367 taen
688 2307 771 2366 sitien
795 2307 918 2386 quinon
934 2306 1075 2374 habeant:
1100 2307 1172 2366 scitu
1188 2307 1265 2366 enisu
1283 2324 1389 2367 caecant

59 2424 160 2469 inesse
182 2425 238 2466 me.

159 2527 332 2570 nusnnsns.
371 2509 437 2569 Seio
467 2517 493 2568 et
522 2509 560 2569 eit
590 2510 618 2570 id
649 2511 732 2570 venie
762 2511 994 2570 enmnaenitunus
1022 2528 1080 2589 quo
1109 2528 1146 2569 ne
1169 2517 1302 2588 egentem
1326 2528 1391 2569 esse

95 2628 142 2669 me
164 2611 290 2688 ignores.

159 2732 312 2772 sennenn.
351 2711 410 2772 ian]
428 2713 455 2772 id
473 2711 554 2773 utuiti
571 2713 681 2790 paritet·
704 2714 827 2781 iaeiunt,
851 2721 883 2773 ut
905 2714 934 2772 in
958 2714 1040 2792 eopia
1057 2713 1217 2773 diiudicare
1234 2730 1291 2770 nnn
1309 2711 1391 2771 iaeiie

94 2814 205 2890 passim
229 2816 276 2874 eui
298 2814 482 2890 potissimum
504 2812 613 2892 largiar
635 2814 752 2893 aiiqniti,

62 2942 86 2981 ts
159 2934 332 2976 nvaunsvs.
371 2914 484 2986 Quintis
506 2917 584 2976 enitn
607 2917 813 2994 potiusquam
837 2918 872 2977 iis
895 2918 943 2995 qui
967 2914 1125 2994 plurimun}
1150 2916 1253 2993 egeat?

159 3034 312 3077 nonanus.
351 3015 567 3094 utplurimum
591 3016 630 3076 iiii
654 3026 739 3096 egent
763 3019 873 3078 divites.

159 3137 330 3179 nv'rnnsvs.
370 3117 462 3178 inatne
491 3137 550 3178 nen
581 3128 647 3195 eget
673 3121 722 3197 qni
750 3120 925 3199 piusquam
957 3121 1027 3180 satis
1054 3128 1099 3178 est
1127 3119 1229 3186 habet,
1263 3119 1314 3178 snt
1344 3120 1447 3180 enisa.

96 3218 174 3297 (ananei
199 3238 319 3279 necesse
342 3227 405 3279 erat
426 3220 517 3281 deest.

160 3340 313 3381 nonanus.
351 3321 498 3393 Quantum
521 3323 563 3380 vis
586 3321 712 3383 tribuam
735 3323 842 3400 igitur?

58 3445 86 3484 ao
163 3442 335 3482 iniussus.
374 3423 414 3482 iia
438 3431 578 3502 quantuni
601 3424 670 3483 satis
692 3431 736 3483 est
759 3423 826 3484 huie
848 3422 952 3484 aientia
976 3426 1043 3484 etin.

161 3543 327 3592 nonanus„
352 3523 396 3583 Tu
420 3525 510 3585 otium
533 3524 678 3602 disponis,
702 3525 748 3585 dic
771 3525 860 3585 mihi?

161 3645 334 3686 musanus.
373 3624 470 3685 Otium
492 3624 611 3686 seiiieet.

161 3746 312 3788 nonavsn.
351 3726 430 3803 Engo
453 3726 666 3805 piiiiewphiarn
689 3746 788 3806 quiante
810 3729 920 3806 potina,
945 3734 1042 3805 aptam
1059 3728 1118 3786 etit»
1135 3745 1213 3795 rem,
1237 3727 1393 3805 sedunam

96 3830 169 3889 dare
192 3846 291 3888 meunt
314 3845 373 3887 nun
396 3834 454 3888 est:
484 3830 639 3906 egoenim
663 3830 897 3891 divitiastnibuu
927 3827 1117 3897 mortalibus,
1149 3848 1213 3907 qaia
1244 3830 1393 3906 negotium

61 3929 155 3992 asiliis
178 3928 326 3989 iacessunt
348 3938 376 3990 et
398 3930 526 4009 quietem
547 3928 761 4001 interturbant,
785 3929 822 3991 ob
845 3950 917 4011 quas
938 3938 1030 4008 agunt
1044 3938 1237 4009 sataguntque
1254 3936 1283 3989 et
1298 3930 1394 3989 onmia

98 4033 233 4092 miscent.

163 4151 335 4194 nvnnnsvs.
374 4131 438 4193 Nun
466 4152 514 4194 nie
545 4136 639 4213 capis,
669 4135 738 4204 «tea,
768 4134 910 4196 tantillum
940 4142 1009 4215 peto
1039 4135 1117 4213 (lund
1140 4134 1176 4195 aei
1199 4135 1308 4195 vietum
1331 4141 1446 4197 stu-ta.

99 4235 190 4295 diosa
213 4234 303 4312 quieti
326 4236 525 4296 necessarium
546 4238 616 4296 satis
637 4239 689 4305 sit,
713 4237 783 4295 istas
805 4235 876 4299 nihii
899 4255 1000 4296 nunant·
1021 4236 1142 4296 divitias.

163 4356 316 4397 ronanus.
354 4335 415 4396 Nee
436 4355 453 4397 a
475 4339 604 4414 paternis
626 4339 704 4416 agris
726 4344 755 4399 et
777 4338 1014 4415 possessionibus
1034 4345 1146 4398 tantuin
1163 4339 1256 4408 redit,
1279 4347 1307 4398 ut
1326 4357 1394 4417 pes·

63 4439 140 4502 ansis
162 4438 192 4496 iu
215 4437 311 4496 studio
333 4439 562 4516 conquiescere?

100 4607 305 4616 —-————-

168 4723 181 4758 ⁸
199 4725 288 4787 Quum
308 4728 334 4776 3.
352 4724 419 4791 utiq.
472 4724 495 4758 fl
513 4732 597 4792 egent
617 4730 643 4776 3.
697 4725 718 4759 ¹⁹
738 4728 842 4793 igitur?
860 4731 886 4777 2.
