3276 5414
394 403 533 440 nranoovs
552 406 643 440 avana
662 406 687 439 r.
707 408 803 441 erarii
823 406 998 441 narracione.
1029 389 1117 454 (¹52⁰.)
1328 374 1401 447 335

166 578 276 618 annun.
316 562 368 616 Per
399 560 546 618 naviculam
575 579 702 636 prorsum
736 580 766 618 aa.
797 581 904 619 sursum
925 564 1128 627 0ssuetuantem.
1166 565 1240 619 rlieas
1273 564 1401 639 quicquirl

106 646 230 709 libuerit,
255 646 404 702 Lutlrerum
428 645 473 701 ille
496 647 638 720 superabit
659 655 780 704 strenue.

168 748 343 789 mantuanus.
651 731 786 795 Clamore,
810 750 864 788 uon
889 734 1051 790 eruditione.

166 834 276 878 nuntia,
315 814 444 871 Achilleis
469 817 645 889 argumentis.

81 918 93 954 s
169 917 343 958 oranaurs.
651 901 813 976 Sophistiois
839 902 993 958 sarmentis.

169 1004 282 1044 annun.
316 986 371 1040 Suo
391 985 587 1060 Clrrysopasso.

172 1086 346 1144 (rannerius.
653 1070 735 1126 Libro
758 1071 873 1128 multum
894 1089 996 1129 crasso.

168 1174 276 1214 arnna.
318 1155 427 1211 llateria
455 1155 605 1211 iuramenti.

132 1251 140 1263 '
167 1257 341 1298 arinirnuvs.
646 1241 678 1297 ut
705 1241 748 1297 liic
771 1241 823 1297 luit
844 1243 925 1298 animi
950 1259 1004 1300 non
1030 1243 1095 1299 satis
1117 1243 1224 1299 attenti.

167 1344 276 1384 uranu.
316 1325 377 1380 Suis
400 1326 556 1381 itinerariis.

167 1427 341 1469 ennarrans.
544 1420 550 1426 '
648 1411 696 1466 Ubi
718 1412 807 1468 utitur
826 1413 1057 1469 commendaticiis
1080 1413 1219 1487 precariis.
1238 1406 1247 1491 i

166 1514 276 1567 bruun.
315 1495 463 1568 Tireologia
487 1496 609 1569 mystica.

167 1597 340 1639 ounnaurs.
647 1579 711 1648 Qua
735 1589 790 1637 tota
814 1591 856 1638 est
879 1582 1041 1657 Soplristiea,

166 1683 275 1724 nrum.
312 1664 494 1720 Aristotelieis
516 1666 725 1721 commentariis.

166 1765 341 1808 annanias.
649 1750 746 1807 Tribus
770 1751 871 1813 verbis.
894 1752 975 1808 lurtis
998 1760 1123 1808 autorum
1145 1753 1233 1808 variis.

164 1853 273 1892 avenn.
312 1834 401 1890 Sacris
423 1833 520 1890 literis.

166 1936 341 1979 aaaunnrs.
648 1921 753 1976 Paratis
774 1920 877 1978 liberis,

164 2023 274 2063 avana,
311 2005 368 2060 lloe
390 2004 473 2061 nullis
496 2006 617 2061 numeris
637 2006 840 2079 'llreolnqieum

167 2106 341 2148 (ruminare.
379 2089 502 2145 (inirriunr
522 2088 649 2146 calculis:
673 2109 760 2163 nuper
783 2092 853 2147 enim
877 2092 987 2148 lilronrai
1017 2091 1256 2165 apuilssyrenern,
1286 2092 1396 2149 seortil·

63 2175 157 2232 ealrnn
179 2175 319 2231 ilrroileeirn
341 2174 454 2235 artium.
478 2175 664 2248 ‹leprelrensns
681 2176 765 2250 ilotyn
790 2194 819 2232 se
841 2176 995 2233 celebrasse
1015 2175 1136 2239 dicebat,
1160 2195 1214 2250 quo
1230 2195 1326 2251 penem
1343 2178 1394 2234 sibi

98 2262 130 2316 arl
155 2260 329 2332 'llreologiam
351 2259 416 2314 satis
440 2259 566 2315 iilonenm
590 2258 706 2316 loelieius
729 2262 900 2334 proveheret.

163 2362 272 2402 urum.
308 2344 366 2399 llon
390 2360 554 2419 magnopere
575 2343 737 2418 culpandum
762 2346 822 2402 boe.

164 2445 339 2488 conannas.
375 2428 406 2484 Et
430 2428 472 2485 bie
494 2429 709 2487 lllromanensenr
733 2429 835 2505 spiras,
872 2431 971 2505 quibus
1001 2432 1052 2488 boe
1078 2450 1161 2487 unum
1190 2422 1254 2488 lieet
1290 2432 1395 2490 ‘liorros'

98 2516 167 2577 iliei.
190 2533 250 2572 cunr
273 2515 328 2570 sint
349 2513 469 2587 nequitia
493 2513 549 2588 ipsa
572 2514 727 2588 nequiores.

60 2611 88 2650 ⁴2⁵
161 2616 271 2659 araur.
309 2598 367 2654 Non
390 2598 478 2654 auilio.

163 2700 338 2742 annuamus.
376 2681 527 2739 Vernaculo
550 2692 641 2740 restro
663 2702 753 2742 more:
777 2685 840 2760 quial
861 2685 933 2743 enim
956 2685 1065 2742 illorum
1081 2686 1315 2743 lilromanensibus
1338 2704 1393 2745 non

98 2770 312 2843 ingratissimum
336 2776 391 2830 est,
416 2766 625 2824 mellitissimum
649 2778 738 2826 autern
765 2771 903 2828 omniurn?
929 2772 1057 2828 viciorum
1086 2789 1198 2828 suorum
1227 2772 1393 2828 Camerinam

97 2873 153 2911 non
176 2854 291 2914 moveri.
316 2852 394 2909 uleus
414 2870 523 2909 manere
546 2854 692 2915 intactum.
717 2857 806 2911 omnia
830 2857 905 2913 llenis
928 2855 1043 2930 genibus
1071 2850 1187 2917 landari.
1215 2855 1284 2912 bene
1309 2858 1393 2913 inter·

97 2940 199 3014 pretari
222 2939 294 3012 quod
318 2946 372 2994 tam
393 2947 487 3012 aperte
510 2938 609 2995 rnalum
633 2958 711 3014 quarn
735 2941 762 2996 iu
784 2941 872 2998 Plauti
893 2941 1024 2998 commilia
1047 2941 1166 2998 llmcbrrs
1187 2950 1243 3006 est;
1268 2942 1319 2998 boc
1339 2942 1392 2998 nisi

61 3024 210 3081 suntrana
233 3023 328 3085 iacies,
352 3040 431 3079 neruo
453 3040 508 3078 non
530 3023 625 3080 littore
645 3026 763 3082 surilior.

164 3125 273 3167 avane.
311 3108 367 3165 lloo
386 3125 440 3163 uon
464 3108 496 3163 ail
519 3117 627 3166 nostras
648 3109 772 3167 clrorilas.
809 3111 873 3169 Vale
894 3129 975 3185 ergo,
997 3111 1165 3174 Lutberane,
1188 3119 1270 3185 atque
1293 3112 1320 3167 in
1336 3130 1392 3169 nra·

99 3195 152 3249 lain
175 3201 279 3268 partem
299 3191 366 3249 vale.
407 3192 510 3248 interea
529 3203 576 3249 tuo
599 3195 720 3250 lintistiti
740 3195 860 3251 luthero
882 3195 951 3253 bene
974 3213 1094 3271 precare.
1132 3215 1185 3270 ego
1207 3195 1253 3252 iliu
1273 3197 1323 3252 iarn
1347 3198 1392 3254 arl-

97 3279 189 3354 parari
210 3277 359 3340 machinam
382 3295 436 3350 quo
458 3278 561 3335 vineam
583 3278 713 3341 celerius,
735 3281 852 3354 adporto
874 3282 1048 3338 devotionum
1072 3282 1201 3338 tonitrua.

161 3378 336 3421 (ramnus.
375 3362 430 3417 Oro
453 3363 537 3436 igitur
559 3364 671 3420 summis
693 3366 857 3427 adfectibus.
881 3375 910 3422 nt
926 3367 969 3423 bie
985 3367 1031 3441 qni
1054 3366 1153 3429 mittit,
1177 3365 1293 3423 celerius
1309 3384 1388 3440 quarn

57 3460 128 3505 osen
150 3448 247 3505 lentina
270 3448 380 3503 Caeneus
402 3448 443 3502 vir
465 3448 582 3521 prodiit,
607 3448 767 3506 Salmoneus
788 3450 843 3506 liat.

227 3566 361 3641 Callprius
382 3566 487 3628 Trulla,
511 3567 581 3640 apuil
603 3567 763 3625 burlassiam
785 3570 947 3643 Gatailnppae
971 3570 1044 3643 regis
1068 3571 1262 3627 Stratiotamm

552 3652 737 3727 lletropolirn,
772 3653 932 3710 Eneuilebat.

652 3820 836 3829 --—-—-—-

162 3973 173 4004 ⁴
191 3971 292 4022 Achill.
311 3974 329 4021 i.
343 3988 365 4021 e.
380 3988 437 4037 qaae
453 3972 578 4035 sauciari,
597 3974 664 4022 oiaei
680 3979 812 4039 nequeant.
849 3971 860 4005 ⁸
878 3972 1082 4040 chrysoprassus
1100 3988 1187 4024 nomen
1205 3973 1264 4024 libri
1281 3973 1391 4025 Eeleiaai

94 4062 138 4124 qai
147 4059 247 4122 prodiit
257 4058 324 4120 Aap.
342 4048 418 4105 Vina
432 4072 468 4106 ea
479 4058 524 4121 off.
539 4058 677 4107 illitterana
688 4074 718 4107 m.
734 4058 868 4109 novembri
885 4075 910 4108 a.
926 4058 999 4108 1514.
1013 4061 1041 4108 in
1057 4059 1104 4109 fol.
1145 4058 1304 4109 ⁷Moteso'or
1317 4076 1390 4125 quara

93 4145 209 4193 crassior
230 4143 289 4191 anilii
308 4141 497 4206 Clrpeopareaa
519 4143 630 4200 oidelae,
655 4144 723 4208 qaod
745 4145 820 4193 etde
844 4148 937 4193 ceteris
956 4144 1078 4193 Eekianis
1102 4144 1173 4192 libris
1195 4160 1255 4193 arom
1280 4149 1390 4193 aomina·

92 4228 127 4275 tia
145 4227 262 4276 dixerim,
314 4221 337 4257 ²⁰
356 4224 463 4288 ‘Cotym
483 4226 591 4277 daemon
610 4229 657 4292 qui
675 4228 747 4292 apuil
766 4228 924 4278 Corinthios
945 4228 1056 4289 colitur,
1079 4228 1160 4277 soedoe
1179 4228 1303 4277 libidinis
1321 4245 1389 4293 prae-

94 4313 157 4360 ses.'
176 4309 322 4359 Saetaba.
385 4308 408 4341 ²¹
425 4312 527 4360 omniu.
546 4312 686 4361 b'ieiorunr
711 4315 772 4362 edit.
843 4314 920 4362 Corn.
939 4329 1049 4362 movere
1070 4312 1229 4376 proverbium
1247 4314 1280 4363 de
1299 4315 1330 4362 iio
1348 4315 1392 4379 qai

94 4399 160 4444 altro
179 4397 215 4444 aad
230 4410 258 4444 ae
275 4397 364 4444 malain
382 4402 522 4444 arcessant.
591 4394 612 4426 ²⁰
632 4395 764 4446 Comedie
781 4399 842 4447 edit.
913 4397 935 4429 ³⁰
954 4398 1033 4446 Nimis
1051 4397 1177 4460 defatipat
1195 4413 1232 4445 me
1248 4397 1392 4460 proverbiis

96 4479 244 4528 Germanae.
315 4479 441 4528 surdior?
464 4481 525 4529 edit,
595 4482 691 4530 Litore
716 4481 871 4546 loquacior,
898 4474 1002 4546 ρἀχίας
1026 4479 1196 4543 λαλίστερος.
1220 4483 1388 4547 Diogenian.

94 4562 156 4612 Vll.
169 4561 210 4612 99.
226 4553 287 4626 (iat
305 4562 362 4613 raia
379 4553 565 4629 aratiam.)
623 4564 642 4596 ³¹
663 4565 763 4624 Κινεῖς
781 4558 887 4630 χορδὰς
906 4559 956 4622 τὰς
974 4555 1136 4630 ancoritana.
1156 4565 1228 4615 Plut.
1248 4565 1282 4615 ile
1302 4566 1389 4616 audit.

94 4645 141 4696 Vl.
156 4663 181 4712 p.
198 4645 253 4697 157.
269 4648 311 4698 od.
325 4649 421 4700 Reiek.
491 4647 514 4680 ³³
531 4649 623 4698 deret.
642 4651 657 4700 i.
671 4666 693 4698 e.
713 4651 916 4700 exsecrationum
932 4654 1075 4714 papatiam,
1099 4657 1126 4699 at
1143 4652 1220 4701 aaoria
1238 4657 1277 4699 est
1293 4652 1320 4699 ia
1338 4651 1391 4701 bal·

93 4735 126 4781 lla
149 4733 324 4783 damnatoriis.
394 4732 417 4765 ⁸⁵
441 4731 567 4799 Caeneus]
591 4735 728 4795 „Femina
752 4739 833 4784 natus
858 4739 1002 4798 erat...t
