3276 5414
455 393 506 443 111.
578 408 716 444 nisovnvo
737 408 759 442 a.
779 407 859 442 avon.
897 408 1047 443 omnoovo.
1068 392 1153 457 (lain.)

220 585 349 626 casino.
387 564 450 634 Ona
474 563 527 622 lion
548 564 637 641 igitm·
660 568 722 621 ante
744 564 917 639 pervim-ene
940 565 1075 640 oporteat

220 686 385 727 nisavnvs.
423 665 624 733 Providentia,
659 682 746 742 qiiam
774 663 814 723 illi
843 666 867 723 si
895 666 1012 742 qnando
1040 666 1143 725 aliesse
1170 666 1223 725 alis
1244 674 1273 726 te
1296 669 1450 736 seosmiot,

153 768 300 846 perdendi
324 767 477 826 eonsiliom
500 766 623 827 inihont.
662 784 753 844 quare
776 766 926 827 liilemlnm
949 768 1065 844 penitus
1087 766 1173 827 nolli:
1203 775 1234 827 ot
1257 768 1351 827 tlieam
1375 770 1452 828 enim

154 869 235 948 qnod
263 871 372 937 sentio,
407 869 545 946 optimam
577 869 663 928 etiam
694 867 823 929 indolem
851 874 881 927 et
908 875 988 928 reete
1016 870 1177 929 institutam
1205 870 1292 928 vitam
1329 871 1357 928 in
1387 868 1452 931 aula

129 978 322 1047 ⁵snspeclam
347 969 456 1030 habero
478 976 618 1047 oportet,v
646 971 725 1047 qnod
755 970 784 1030 hi
812 988 887 1047 qeins
914 970 974 1030 oni
1002 978 1103 1030 ventos
1126 972 1222 1030 onmia
1245 969 1396 1047 impellant
1418 990 1452 1031 ac

155 1072 338 1150 pertringam
363 1080 391 1131 el
413 1090 557 1131 sommam
581 1089 659 1148 saepe
681 1073 878 1131 innocentiam
901 1071 936 1130 ad
953 1073 1096 1149 pessimos
1111 1091 1210 1132 mones
1226 1073 1377 1132 invertant.
1412 1054 1466 1132 an¹

153 1192 214 1233 non
237 1173 342 1233 amlisti
366 1173 445 1232 illino
469 1173 518 1251 qni
541 1173 580 1231 ait
608 1173 752 1233 ‘lliseedat
774 1173 809 1233 ali
833 1172 898 1232 anla
921 1175 970 1250 qni
994 1173 1052 1233 volt.
1075 1193 1139 1234 esse
1168 1174 1260 1251 pios'l
1293 1192 1395 1233 veroin
1419 1180 1518 1233 ott-2⁷.

153 1275 212 1334 sint
235 1274 323 1352 aliqui
346 1274 430 1341 lieni,
455 1272 618 1351 periculosa
642 1282 739 1334 lamen
763 1274 802 1334 ilii
825 1275 1002 1351 experientia
1026 1282 1084 1344 est,
1107 1275 1186 1354 (lond
1202 1275 1285 1335 molti
1301 1283 1369 1336 saint
1384 1294 1450 1353 pes·

154 1378 220 1436 simi
249 1384 354 1454 siiopte
383 1376 488 1452 parlim
518 1377 633 1452 ingenio
660 1377 768 1455 partim
796 1376 890 1436 anlioo
920 1394 1031 1435 veneno
1059 1377 1178 1444 imbuti,
1212 1363 1317 1452 οἷσιν,
1351 1383 1384 1436 nt
1412 1370 1464 1437 ait

117 1476 306 1546 nt'ooieos,
341 1466 418 1535 οὔτε
440 1466 552 1556 βωμὸς
572 1465 649 1536 οὔτε
668 1477 777 1549 πίστις
798 1465 874 1536 οὔθ’
903 1465 1003 1552 ὅρκος
1031 1469 1141 1557 μένει,
1176 1478 1298 1555 proinde
1332 1486 1449 1538 eaotmn

154 1598 220 1639 esse
243 1586 360 1656 oportet
382 1580 432 1656 qni
455 1597 522 1639 coni
554 1580 677 1657 ingeniis
707 1580 868 1640 eootliolaii
897 1577 964 1639 velit
992 1578 1149 1647 eiusmodi,
1185 1598 1219 1640 ac
1247 1580 1341 1640 danila
1371 1598 1450 1657 saone

153 1680 242 1740 verba
266 1687 295 1738 et
317 1680 440 1739 vicissim
463 1678 641 1740 adolandum
664 1663 821 1760 mmesqne
844 1680 1045 1741 dissimulandi
1073 1682 1117 1740 sni
1146 1688 1233 1759 alqoe
1263 1682 1343 1740 onmi
1370 1679 1449 1740 able-

153 1789 222 1858 gato
246 1782 374 1842 (rainlone
397 1780 559 1842 istiusmodi
582 1783 776 1843 sinmlamlnm
800 1785 959 1857 ingenium.

219 1903 346 1944 casana.
386 1883 422 1943 th
444 1883 588 1960 intelligo,
612 1886 725 1960 primus
747 1893 791 1944 est
812 1887 867 1945 iste
889 1884 1057 1945 discedendi
1080 1903 1094 1943 a
1119 1883 1302 1961 philosophia
1326 1884 1518 1961 gramana.

119 1995 144 2034 ¹³
219 2005 383 2046 msavovs.
421 1986 457 2045 m
479 1986 542 2045 liaeo
565 1993 606 2045 eo
630 2003 717 2064 qoam
741 1986 799 2045 dixi
822 1984 990 2047 difficultas:
1014 1994 1140 2064 qiiantos
1163 2004 1257 2045 essem
1278 2004 1356 2044 nimo
1372 1985 1449 2045 enim

154 2104 209 2164 ego
232 2088 257 2146 si
280 2086 324 2147 vel
345 2085 483 2147 simolane
507 2086 701 2148 adolationem
726 2091 893 2164 potuissem.
939 2088 987 2165 otii
1011 2088 1080 2147 dnm
1104 2086 1183 2146 illmn
1206 2105 1315 2165 sequor
1337 2093 1449 2145 naturai

153 2190 283 2266 rigorem
307 2196 336 2247 el
358 2188 453 2249 honos
475 2207 539 2248 esse
561 2190 679 2258 sonoo,
703 2208 822 2250 omnem
837 2196 879 2248 tot
895 2207 1093 2248 aennnmanon
1111 2188 1238 2249 lrootom
1257 2187 1358 2265 perdo,
1382 2205 1448 2265 per·
1471 2176 1473 2181 ¹

153 2289 213 2350 didi
237 2291 266 2348 in
288 2289 413 2349 sohlime
435 2290 738 2372 pnoenl*alienotilms
761 2293 810 2369 qm
832 2290 959 2369 aeqoales
982 2298 1080 2359 erant,
1114 2309 1148 2350 ao
1174 2291 1251 2349 intei·
1273 2289 1327 2349 lios
1350 2288 1461 2349 multia

153 2394 204 2470 oin
227 2410 282 2451 nec
304 2391 354 2450 din
376 2394 432 2451 iam
455 2411 511 2452 neo
534 2392 657 2453 innltoni
680 2393 753 2452 aneo
776 2393 991 2453 laboraverunt.

115 2500 144 2540 ²⁰
220 2513 346 2555 cosnvs.
385 2493 511 2553 Omnino
534 2495 621 2571 igitm·
643 2493 754 2555 adolani
778 2513 898 2555 neeesse
920 2503 964 2555 est
988 2493 1099 2554 anlioo‘t
1457 2509 1517 2557 §.m

218 2616 383 2657 monime.
423 2595 559 2654 Omnino.
597 2596 647 2654 ned
672 2596 782 2655 laeiinit
805 2597 861 2656 lmo
883 2595 929 2656 alii
953 2595 1033 2673 plne,
1058 2596 1103 2656 alii
1121 2597 1226 2655 minos.
1264 2601 1294 2655 at
1316 2595 1448 2673 quisquis

154 2698 223 2757 linio
245 2699 314 2774 logo
336 2696 528 2773 colligandam
552 2701 696 2758 cervicem
719 2698 894 2776 pralmenit,
925 2716 999 2775 opos
1028 2705 1075 2758 ost
1096 2696 1273 2757 Alcibiadem
1304 2697 1448 2756 imitator:

153 2818 222 2859 nam
247 2805 278 2858 nt
299 2798 383 2858 aliter
405 2798 526 2858 lihons
549 2800 617 2859 vixit
646 2799 706 2866 ille,
742 2800 834 2859 ,lttiea
864 2818 981 2859 moroni
1008 2802 1163 2866 suavitate,
1201 2797 1285 2858 aliter
1315 2797 1449 2858 lacedae-

154 2920 260 2969 mone,
282 2899 420 2969 solotios,
444 2919 561 2960 rmsooi
585 2900 648 2960 aliis
663 2902 740 2977 apml
756 2901 900 2967 illimes,
926 2901 1067 2978 popolom
1083 2900 1269 2967 bellicosam,
1293 2898 1356 2960 aliis
1371 2899 1448 2975 apud

116 3009 144 3049 ²¹·
155 3002 276 3070 Persas,
301 3001 418 3062 mollem
442 3010 469 3060 et
492 3002 663 3071 delicatum,
688 3004 819 3062 moribus
843 3022 913 3062 usos
935 3011 992 3070 est,
1016 3004 1054 3063 ita
1071 3021 1146 3079 opos
1161 3009 1206 3061 est
1221 3000 1315 3060 anlieo
1331 3018 1448 3059 omnem

153 3106 183 3163 io
200 3104 319 3163 modom
336 3105 522 3163 contemnam
537 3123 569 3163 se
584 3104 716 3164 morilins
732 3123 834 3163 eonom
851 3104 1025 3182 qnilmsemn
1042 3104 1122 3169 vivit.
1147 3110 1179 3162 nt
1200 3103 1315 3180 ingenio
1331 3119 1449 3161 onmem
1491 3134 1495 3143 ·

154 3206 184 3264 in
208 3202 321 3282 partem
344 3205 476 3264 inotaliili
499 3208 550 3274 sit,
579 3207 608 3265 in
632 3205 768 3264 immihns
792 3215 925 3265 voi-solos
947 3214 975 3266 et
999 3205 1134 3273 callidos,
1168 3206 1349 3269 insomnia,
1386 3204 1448 3281 ipso

153 3307 283 3367 l'rotlieo
306 3307 402 3366 varios
425 3309 525 3382 magis.

219 3428 346 3470 nosnos.
385 3407 541 3486 Tragieom
564 3415 608 3468 est
630 3408 686 3467 lion
710 3408 828 3468 malum

117 3520 144 3560 ³⁰
220 3530 382 3572 meamne.
421 3512 456 3568 n
478 3511 506 3568 in
530 3509 622 3569 anliea
645 3510 785 3571 contemtia
809 3518 986 3589 spectatum,
1011 3511 1108 3577 Casle.
1133 3529 1187 3571 nec
1210 3509 1287 3569 aliml
1311 3510 1517 3586 frequen-iao.

153 3614 212 3672 tios
234 3620 284 3671 ant
306 3611 467 3671 limemlmn
491 3613 597 3687 magis,
622 3631 688 3671 enm
711 3613 880 3672 intestinum
904 3614 964 3685 sit„
979 3631 1045 3672 cnm
1068 3613 1276 3672 domesticum:
1305 3628 1372 3670 nam
1398 3610 1448 3686 qni

153 3776 271 3784 ——--
314 3777 357 3782 --.-..

224 3867 231 3899 ¹
253 3869 340 3933 igituo
357 3873 383 3916 5.
447 3869 593 3932 pervenire
612 3870 655 3916 13.
720 3866 731 3897 ¹
750 3868 855 3916 Lucan.
869 3867 965 3916 Pharo.
980 3866 1055 3916 Vlll.
1063 3864 1169 3929 ι193.ε(].
1188 3902 1205 3925 ,,
1220 3900 1226 3913 .
1241 3900 1247 3914 .
1262 3900 1268 3913 .
1284 3868 1366 3914 exeat
1385 3862 1449 3911 onio

154 3954 210 4016 Qui
228 3952 287 4002 vult
306 3968 366 4001 ense
386 3952 527 4016 pius...'‘
596 3949 1189 4016 ⁶quodlqnio13.(ootom‘tiynorooit.)
1259 3949 1280 3981 ¹⁰
1298 3949 1403 3998 Chorus
1422 3949 1449 3996 in

154 4037 296 4102 Aristoph.
310 4036 427 4085 Aeliam.
440 4034 498 4085 307.
512 4037 545 4085 de
560 4037 793 4086 Lacedaemoniis:
819 4035 927 4099 ‘quibos
946 4051 1034 4099 neone
1054 4051 1102 4085 ora
1122 4052 1173 4085 nec
1192 4034 1259 4084 fides
1277 4050 1329 4083 nec
1348 4034 1391 4083 ins
1408 4033 1449 4080 in-

155 4123 269 4172 randum
288 4129 416 4171 sonetum
435 4124 502 4170 Μ’.
523 4121 630 4182 (Locum
648 4128 673 4170 io
686 4126 710 4170 5.
724 4125 787 4170 niele
805 4136 955 4184 nemeaeum
973 4124 1041 4169 tineo
1058 4121 1181 4169 oiiddoetn
1199 4120 1375 4182 corriyeodum
1393 4133 1449 4167 eoae

154 4209 275 4256 indicavit
288 4208 407 4271 Iquod
421 4207 496 4270 feei.)
550 4204 570 4237 ¹¹
589 4206 718 4270 ingenuis
732 4208 775 4254 13.
831 4203 881 4236 ¹¹¹¹
901 4204 1106 4269 ablegatold.
1161 4202 1181 4235 ¹¹
1200 4204 1306 4268 qvimns
1320 4206 1361 4251 12.
1409 4202 1449 4250 di·

154 4288 254 4341 scendi
271 4294 328 4339 Μ.
337 4294 377 4339 10.
443 4290 463 4322 ¹¹
482 4307 534 4356 ego
553 4292 626 4340 onim
638 4294 683 4340 13.
742 4289 763 4320 ¹¹
778 4296 839 4354 poet
857 4290 941 4355 perdo
964 4291 1024 4338 odd.
1044 4287 1152 4354 perdidi
1165 4289 1201 4337 ll.
1220 4292 1289 4352 qood
1308 4304 1358 4336 rien
1376 4289 1449 4336 tolet·

153 4381 218 4426 teon
232 4379 275 4427 13.
289 4379 405 4425 omittens
423 4374 517 4440 perdo,
571 4375 591 4406 ¹¹
610 4390 643 4423 oe
663 4375 690 4423 in
708 4375 752 4423 liin
770 4377 828 4424 edd.
843 4377 892 4424 del.
907 4376 942 4423 H.
957 4376 1088 4436 oclacri'plo
1108 4389 1142 4423 oo
1161 4373 1300 4421 internos
1352 4369 1373 4401 ¹¹
1392 4370 1448 4420 eol·

154 4461 297 4525 ligandum
311 4466 336 4509 5.
349 4477 418 4508 corr.
427 4460 462 4509 li.
498 4458 652 4522 Ale-ybiado
667 4463 689 4507 1.
703 4467 727 4508 et
741 4462 791 4510 otii.
817 4456 919 4524 nielli]
935 4459 978 4508 Cf.
993 4458 1072 4507 Coro.
1087 4458 1155 4522 Nep.
1171 4459 1199 4506 io
1211 4456 1332 4506 oleion.
1351 4455 1447 4518 Alcyb.

156 4547 358 4595 montom.
417 4543 439 4575 ¹⁷
459 4550 486 4594 et
503 4560 572 4594 corn.
587 4546 622 4592 ll.
644 4560 676 4593 oo
690 4547 748 4594 eald.
769 4545 836 4594 Ante
856 4545 920 4594 cll.
941 4560 974 4592 ac
991 4544 1054 4606 poni
1064 4544 1150 4592 inoluit.
1166 4560 1199 4591 oo
1212 4549 1270 4590 nole
1284 4544 1382 4591 vocales
1394 4541 1448 4589 Lo-

154 4632 207 4679 tioe
225 4646 274 4680 ooo
293 4629 355 4692 poni
373 4631 480 4679 Ilolteol
496 4645 550 4678 ooo
568 4629 742 4693 intimabatur.
796 4629 817 4660 ²¹
836 4627 955 4678 l'rotheo
974 4628 1049 4675 ellone
1065 4632 1090 4675 5.
1104 4642 1150 4675 aec
1163 4643 1231 4676 corr.
1246 4627 1280 4674 ΙΙ.
1317 4616 1448 4674 ποικιλώ-

155 4730 236 4780 τερος
255 4704 345 4764 αὐτοῦ
364 4709 508 4778 Πρωτέως.
528 4715 647 4764 Lucian.
661 4714 755 4763 noteris.
769 4714 793 4761 5.
846 4711 867 4744 ¹¹
888 4709 958 4775 enm]
979 4714 1008 4759 et
1026 4714 1099 4775 qocioi
1116 4710 1147 4759 ob
1162 4712 1196 4759 II.
1215 4712 1322 4774 penitam
1336 4712 1379 4759 13.
