3276 5414
253 395 328 445 Vnt.
400 410 532 445 arama.
553 411 713 446 urunrcma.
770 411 1111 448 oratoovsuvrranrcrs.
1142 397 1226 463 (tato.)
1315 382 1388 454 323

158 582 269 624 avenn.
307 563 395 625 Ferte
409 568 573 642 suppetias,
597 565 751 633 Germani,
773 566 880 644 quilms
894 565 1007 644 inclyte
1022 585 1139 645 semper
1155 567 1273 629 luerunt
1287 568 1388 631 Brdla.
1400 582 1458 632 tu.

158 685 330 727 nvrreurs.
369 667 406 726 At
427 685 505 726 nune
528 666 636 727 odiosee
658 674 726 726 sunt
748 674 777 727 et
799 668 911 728 inlense
933 668 1041 729 hostes.

158 788 268 829 arnon.
307 768 391 837 Quod
420 768 555 847 equidem
584 769 692 828 miror:
725 787 792 829 nam
820 787 895 847 quos
922 777 1091 830 aversantes
1119 789 1197 831 nune
1226 772 1326 842 rideo,
1356 774 1391 835 iis

96 869 173 928 oculi
195 887 313 929 eramus
335 887 444 948 nuper,
466 872 505 930 ita
528 867 761 938 venerabantur:
784 871 902 949 quidam
926 873 1012 931 etiam
1035 873 1098 931 sine
1120 872 1205 932 nobis
1225 875 1321 935 vivere
1336 893 1390 954 pu·

70 971 198 1035 stabant
220 989 278 1030 non
302 973 411 1040 virere,
425 972 572 1032 ,emebant
594 973 691 1051 itaque
714 974 821 1049 magni.

160 1092 333 1135 maranus.
372 1072 432 1133 lam
460 1081 506 1134 est
530 1074 588 1134 hoo
615 1072 711 1134 alind:
741 1092 808 1134 nam
838 1073 944 1153 quibus
966 1074 1043 1135 oculi
1066 1077 1154 1135 eratis
1176 1076 1347 1156 aliquando,
1369 1081 1458 1139 tito.

96 1182 165 1235 tum
189 1174 329 1234 carebant
350 1174 443 1235 oeulis
465 1176 519 1252 ipsi
542 1177 685 1254 propriu,
713 1194 805 1254 qnare
828 1175 910 1235 voltis
933 1175 1091 1237 utebantur
1112 1179 1388 1249 accommodatitiis;

95 1295 174 1336 nune
206 1278 321 1336 inventa
348 1277 490 1337 medicina
525 1277 595 1337 nilril
622 1296 699 1355 opus
727 1277 836 1337 habent
865 1276 982 1346 alienis,
1016 1288 1086 1339 suus
1114 1279 1169 1339 sibi
1196 1282 1391 1343 restituerunt

95 1377 196 1438 oeulos
218 1381 246 1438 in
269 1381 436 1447 sanitatem,
461 1381 553 1457 iisque
574 1386 706 1440 utuntur.
1292 1379 1382 1458 2⁶,qu

61 1505 86 1544 ro
159 1501 270 1542 annun.
308 1480 351 1541 llil
373 1482 419 1540 isli
442 1478 517 1540 male
541 1481 707 1546 medicinae,
731 1499 894 1559 perquam
918 1481 1044 1558 hospitio
1066 1481 1260 1559 prohibemur
1288 1491 1317 1544 et
1338 1502 1389 1544 au-

96 1582 164 1642 xilio
186 1583 379 1643 destituimur.
1380 1578 1382 1583 ’

159 1705 332 1745 mrrnnvs.
371 1683 414 1743 nii
437 1686 563 1761 pessime
586 1684 636 1744 tibi
660 1683 801 1762 flagitium
824 1683 935 1753 Bullae,
959 1702 1025 1762 qnae
1047 1685 1154 1764 quilius
1168 1705 1277 1748 nocere
1292 1705 1389 1766 paras,

96 1787 133 1848 ab
156 1788 190 1845 iis
212 1789 286 1864 petis
307 1787 481 1863 hospitium,
511 1793 540 1846 et
562 1787 618 1845 iarn
642 1804 689 1846 me
711 1793 856 1863 praesente
878 1785 969 1845 audes
990 1786 1076 1846 bonis
1098 1788 1281 1849 maledicere.

159 1909 269 1950 arnna.
305 1888 398 1963 lgitnr
420 1895 452 1946 ul.
475 1888 572 1948 rideas
594 1887 720 1966 aliquam
743 1907 807 1948 esse
830 1906 893 1956 me,
922 1888 986 1966 quis
1008 1895 1040 1948 tu
1067 1908 1113 1958 es,
1142 1907 1196 1967 per
1218 1908 1307 1970 quem
1329 1904 1458 1954 nonest.

64 1990 163 2053 talicet
184 1990 253 2051 milri
276 1991 374 2050 dicere
397 1989 474 2067 qnod
498 1988 579 2048 volo?

160 2112 331 2154 maranus.
371 2091 397 2150 ls
419 2110 484 2151 snm
508 2091 557 2169 qni
580 2097 609 2150 te
631 2090 771 2160 rerltero,
795 2090 863 2150 hem
887 2090 946 2150 tilii.

158 2216 270 2256 evum.
309 2193 392 2262 Peri,
416 2194 518 2262 miser,
543 2194 606 2270 peri
630 2199 675 2252 ter
698 2197 875 2271 quaterque,
905 2191 1019 2253 llullam
1043 2194 1092 2272 qui
1115 2197 1225 2272 tangis,
1248 2195 1392 2256 suadente

97 2297 226 2365 diabolo,
250 2295 403 2359 anathema
427 2302 505 2363 esto,
529 2295 635 2354 iterum
658 2303 745 2373 atque
769 2295 884 2354 iterum.

160 2415 331 2460 aversare.
370 2395 416 2457 ‚Tu
437 2415 507 2456 vero
529 2394 612 2456 Bulla
637 2405 713 2464 esto,
737 2403 766 2457 et
788 2396 891 2474 vapula
915 2397 1021 2456 iterum
1045 2393 1133 2476 alque
1155 2398 1272 2458 iterum.

61 2521 88 2560 ao
160 2521 269 2560 nunna.
309 2498 362 2558 Fili
385 2498 530 2559 Sathanae.

160 2620 332 2663 uvrrnsrs.
370 2600 467 2660 lnanis
490 2602 589 2676 magui
612 2601 761 2677 negatoris
784 2599 888 2667 flatus,
912 2601 1021 2678 accipe,

160 2724 269 2765 avum.
307 2704 380 2779 Cum
404 2701 549 2762 fertilibus
572 2701 664 2779 plagis
686 2700 794 2761 sterilia
819 2719 873 2779 ego
896 2702 984 2762 lindie
1007 2708 1156 2762 commuto
1172 2701 1276 2771 verba,
1300 2720 1391 2781 quan-

97 2814 157 2866 tum
182 2806 273 2865 rideo.

160 2925 333 2968 nrrranva.
371 2905 445 2966 Nam
467 2906 537 2984 (prid
560 2904 617 2965 hoc
640 2906 681 2964 ris
696 2907 793 2983 potins
811 2923 898 2984 quam
914 2904 1085 2984 quiescere?
1108 2905 1265 2966 mansisses
1280 2905 1390 2977 llomae,
1402 2921 1460 2971 ess,

60 2994 217 3070 ravitasses
239 3009 440 3068 infortunium.

159 3131 269 3172 arnan.
309 3111 344 3169 at
366 3112 515 3189 quiescam
538 3108 588 3170 uti
611 3128 658 3169 me
681 3109 761 3169 iubet
783 3109 929 3170 lleeimns.

160 3233 333 3274 nvrrnrvs.
372 3212 447 3283 Quid
470 3212 653 3296 illeinbea‘t,
677 3229 736 3271 non
759 3213 857 3271 animo
880 3210 1001 3270 adverto
1024 3208 1175 3287 equidem:
1199 3211 1262 3288 ipse
1279 3217 1306 3270 te
1321 3228 1392 3271 vero

96 3316 206 3374 moveri
229 3313 319 3374 latum
342 3313 410 3373 hine
433 3313 554 3389 digitum
576 3318 659 3380 veto,
684 3314 726 3372 sle
748 3313 854 3372 author
876 3330 942 3372 sum
956 3318 1053 3388 atque
1069 3311 1200 3388 impero;
1225 3312 1279 3370 nisi
1296 3328 1391 3389 pares,

96 3417 172 3477 bene
194 3416 339 3495 plagatam
362 3416 483 3493 ingratis
506 3416 609 3475 laciarn
633 3416 857 3492 conquiescere:
889 3431 1057 3493 quanquam
1085 3419 1114 3471 et
1141 3413 1183 3472 sic
1206 3411 1308 3473 ludere
1330 3412 1391 3490 pla·

61 3520 142 3596 segis
163 3525 261 3579 tecum
283 3516 365 3576 lubet
386 3516 466 3577 mihi.

158 3640 269 3681 arnna.
307 3617 635 3685 dimittuntque:
665 3635 764 3696 quare
786 3615 875 3678 alium
903 3618 1022 3694 quicum
1052 3615 1150 3685 ludas,
1181 3634 1235 3693 ego
1264 3615 1315 3675 nni
1344 3614 1460 3676 lu·t.··o.

97 3721 176 3781 dicra
198 3738 257 3779 non
281 3739 361 3788 sum;
385 3720 437 3780 sed
459 3727 491 3780 tn
513 3720 669 3797 imperium
685 3719 795 3780 Decimi
811 3719 933 3787 Leonis,
957 3718 1003 3778 dic
1025 3737 1089 3796 age,
1113 3736 1182 3777 con·
1206 3718 1212 3785 Ι
1236 3739 1325 3774 naemu.
1345 3739 1390 3775 ιω.

96 3823 221 3882 temnis?
691 3833 693 3838 '

159 3942 333 3985 uvrrnurs.
371 3923 436 3984 Non
460 3923 569 3983 Decimi
593 3929 720 3991 tantum,
749 3922 799 3982 sed
830 3922 933 3982 decem
956 3940 1074 4001 quoque
1105 3921 1179 3981 Leo·
1207 3938 1214 4009 q
1238 3942 1392 3978 naamam...

61 4042 183 4093 antam,
208 4027 305 4104 iniqua
328 4026 352 4085 si
375 4026 529 4102 imperent.

159 4146 270 4190 avana.
307 4125 440 4187 Abscede
462 4144 477 4185 a
500 4144 548 4185 me
570 4125 639 4185 lrinc
662 4126 863 4193 etiamnunc,
887 4126 973 4186 etiam
996 4142 1090 4192 nilne,
1114 4121 1210 4184 andin'
1234 4122 1290 4181 lroe
1311 4122 1362 4182 tul

164 4379 172 4413 ¹
193 4381 236 4431 Cf.
249 4381 342 4431 Plaut.
355 4382 429 4432 Men.
443 4381 475 4430 V.
490 4380 513 4439 7,
523 4388 555 4427 tt.
618 4376 743 4429 ⁴Oculis
761 4381 897 4429 cariorem
917 4393 993 4438 esse,
1018 4376 1080 4442 pilus
1100 4375 1188 4427 oculis
1207 4375 1278 4436 suis,
1304 4373 1389 4424 oeuli-

97 4470 141 4514 tua
160 4481 253 4515 amare
268 4466 473 4532 frequentissime
491 4465 598 4522 dieitur,
623 4479 671 4514 nou
686 4466 725 4526 fit.
756 4464 799 4513 Cf.
818 4465 903 4512 otiam
916 4462 1008 4512 Plaut.
1023 4461 1122 4510 Pseud.
1137 4462 1158 4509 1.
1172 4460 1196 4520 2,
1207 4470 1239 4509 to.
1293 4458 1314 4490 ¹⁰
1333 4456 1389 4517 isti,

97 4550 168 4600 male
187 4553 246 4599 edel.
317 4550 338 4583 ¹⁷
356 4556 433 4616 tang.
448 4550 524 4599 suad.
539 4546 624 4612 diab.]
649 4548 690 4597 Ad
709 4548 884 4613 privilegium
904 4547 1019 4596 oauouis
1038 4546 1108 4610 quod
1127 4550 1243 4595 vocatur
1266 4543 1390 4607 respicit.

98 4633 170 4685 eno.
184 4634 310 4685 c.xvl1.
330 4636 407 4699 qul.
459 4632 482 4666 ²¹
500 4632 837 4696 cf.1³uut.ns.11.2,1o.
894 4629 916 4662 ²³
935 4628 1064 4697 ingratis]
1083 4629 1195 4694 untdique
1212 4635 1238 4678 et
1255 4643 1309 4677 nou
1328 4642 1389 4691 gra·

96 4720 134 4769 tis
152 4719 319 4784 (plagatam)
338 4726 362 4769 et
381 4720 506 4780 invitam,
526 4733 579 4768 non
598 4717 747 4768 lubentem.

1091 4798 1158 4859 at·
