3276 5414
109 376 117 413 l

151 416 303 484 [attenuas]
318 434 508 468 africanarum
522 432 817 467 c1v.vnor.n1anoors
832 432 866 466 ne
880 431 1090 466 raevcrnrmrs
1105 429 1313 465 nonanenarvn.
1368 400 1441 469 ὅθ’]1

109 550 136 609 'l
213 593 373 665 Legatos.
413 591 494 647 Nulla
523 592 690 665 comparatio
721 590 756 646 ibi
791 606 851 645 esse
879 597 985 664 potest,
1023 589 1088 644 adeo
1118 587 1170 643 alia
1201 603 1244 644 res
1273 589 1299 643 in
1331 588 1445 645 ecelesia

109 654 134 695 ΙΙ
150 677 244 739 modo,
267 677 320 732 alia
343 676 407 732 olim
431 676 492 731 fnit.

109 740 132 781 n
216 762 313 817 Puer.
351 761 378 816 ld
402 769 459 816 erat
482 761 605 834 profecto
629 761 702 832 qum
726 759 890 815 aulrnirabar:
920 760 1018 814 mirum
1042 767 1144 821 tamen,
1172 757 1312 814 eeclesiam
1334 758 1433 814 Christi
1444 760 1464 811 f.
1477 765 1513 810 nt.

109 830 131 873 '³
153 848 252 905 minari
278 863 372 920 posse.
401 864 462 901 rum
493 846 608 901 eiiudem
631 845 718 900 adbne
746 845 869 917 qnotidie
898 844 1004 899 audiam
1032 844 1121 900 virere
1144 843 1297 905 Christum,
1324 842 1444 901 solidum

109 920 214 991 ''seins
242 938 271 986 et
297 939 378 1004 capnt
406 940 433 986 et
461 930 681 992 fundamentum:
711 930 780 984 idem
811 930 891 985 etiam
919 927 1102 1001 evangelium,
1131 928 1204 1000 qnod
1234 936 1298 984 trine
1326 928 1445 987 manebit

114 990 128 1047 l
151 1016 234 1073 etiam
257 1017 412 1077 immotum.
435 1033 496 1071 eum
519 1014 616 1071 etelum
640 1032 670 1071 ae
693 1024 765 1069 terra
782 1013 954 1074 transierint;
977 1021 1058 1085 atque
1074 1013 1141 1068 adeo
1158 1020 1215 1067 tum
1231 1012 1344 1068 meliora
1360 1014 1445 1068 fuisse

109 1095 126 1153 'l
152 1101 257 1162 omnia.
281 1119 311 1156 ac
334 1099 482 1173 perfectius
504 1099 682 1155 Christianam
704 1107 732 1154 rt
753 1099 912 1155 charitatem
935 1106 962 1153 et
984 1097 1112 1171 pietatem
1136 1097 1255 1169 riguisse
1277 1097 1305 1153 in
1328 1098 1392 1152 viris
1416 1117 1446 1153 ac

109 1183 125 1224 ¹
152 1185 287 1245 beminis,
309 1203 369 1240 eum
393 1195 514 1241 nostram
538 1186 618 1239 sitam
642 1185 673 1240 ad
696 1174 877 1256 erarngelicam
899 1182 1069 1257 disciplinam
1092 1178 1331 1256 attemperarimns'
1353 1182 1445 1256 potius

109 1271 120 1311 t
152 1278 233 1344 qnam
262 1270 293 1324 ad
326 1278 446 1324 fnestram
476 1268 613 1324 libidinem
643 1277 829 1343 repugnantes
858 1269 1018 1341 irrumpimus
1047 1266 1154 1323 trahere
1189 1269 1347 1342 scripturas.
1392 1267 1445 1322 nisi

109 1354 227 1411 *toforte
251 1363 280 1410 tn
303 1354 367 1410 mibi
391 1354 522 1428 pradinas
544 1353 685 1410 ecclesiam
709 1352 927 1426 malignantium,
951 1351 1100 1408 scribarum
1123 1351 1227 1409 scilieet
1248 1362 1276 1408 et
1298 1352 1446 1426 pluuismo·

109 1450 119 1484 Ι
153 1456 216 1497 rum
238 1440 386 1495 ementium
409 1448 437 1494 et
460 1440 645 1501 renidentium,
670 1456 749 1512 «piram
773 1439 800 1494 in
823 1438 957 1511 propbeta
979 1438 1093 1511 spiritns
1115 1438 1197 1493 etiam
1220 1445 1329 1493 sanctus
1353 1437 1444 1499 odivit,

109 1534 117 1572 Ι
151 1525 232 1581 nnius
254 1532 354 1580 cretum
383 1524 465 1597 atque
496 1533 617 1598 trapezas
645 1523 769 1579 Christus
798 1539 848 1578 suo
880 1523 960 1578 eiecit
983 1522 1102 1595 templo;
1132 1539 1193 1595 quae
1216 1523 1380 1596 contemptis
1402 1522 1445 1577 dei

151 1609 284 1665 mandatis
308 1609 433 1682 proprias
456 1609 507 1664 sibi
531 1610 628 1665 statuit
651 1609 820 1675 traditiones,
843 1624 968 1663 asserens
990 1607 1169 1663 Christianam
1192 1625 1252 1663 esse
1275 1624 1317 1668 se.
1340 1615 1368 1662 et
1391 1624 1445 1663 non

109 1708 112 1744 t
153 1702 209 1756 est.
233 1711 325 1750 rernm
349 1694 493 1756 mentitur,
517 1695 595 1750 euius
618 1694 698 1750 etiam
721 1702 803 1767 capnt
826 1709 880 1747 nrm
903 1693 961 1766 ipse
977 1692 1100 1748 Christus
1116 1701 1171 1751 est.
1195 1692 1276 1748 immo
1293 1690 1373 1747 Satan
1396 1709 1445 1765 po·

114 1778 226 1839 tatius.
249 1788 277 1833 et
299 1779 497 1835 corisirmmatio
521 1778 595 1834 illins
617 1778 721 1834 flamma
745 1778 825 1851 ignis.

217 1863 382 1935 Legatos.
420 1862 580 1925 Ecclesiam,
608 1864 687 1920 cnirrs
714 1871 796 1937 capnt
824 1863 912 1936 ipsum
933 1861 1070 1917 eredimus
1093 1880 1227 1918 strmmnm
1250 1879 1311 1917 esse
1332 1862 1514 1919 Pontio-rm.

152 1965 225 2010 cem,
255 1947 333 2003 aliam
357 1949 492 2004 anstiruare
516 1966 596 2022 qnam
618 1948 733 2010 Christi,
763 1946 862 2021 religio
883 1956 926 2002 est
949 1947 1118 2020 liceresisqne
1141 1947 1340 2020 perditissima:
1368 1946 1446 2002 cuins

152 2032 235 2089 etiam
257 2032 426 2105 evangelium
450 2050 483 2088 ne
507 2035 533 2089 in
557 2033 610 2088 iota
639 2033 747 2107 quidem
775 2040 818 2088 est
845 2040 992 2095 mutatum:
1022 2032 1088 2105 quin
1116 2040 1144 2087 et
1172 2033 1261 2106 ipsnm
1293 2039 1349 2087 turn
1380 2031 1447 2105 legi-

154 2134 216 2173 mns
257 2126 313 2173 tum
347 2118 469 2173 canimus
498 2118 629 2191 qnotidie.
675 2135 766 2173 rerum
797 2135 887 2174 mores
914 2117 947 2173 ad
977 2117 1002 2172 id
1031 2124 1142 2171 nostros
1170 2117 1287 2173 formare
1316 2133 1447 2190 perquam

112 2202 267 2261 aodiflieile
295 2219 404 2275 semper
434 2202 500 2264 fuit,
531 2219 580 2258 nee
608 2203 659 2257 nisi
689 2202 818 2277 perlectis
839 2202 952 2264 datum,
983 2210 1065 2275 atque
1094 2202 1187 2275 paneis
1216 2202 1297 2257 etiam
1321 2200 1375 2256 illis
1399 2202 1446 2274 qni

152 2285 349 2361 Apostolorum
374 2287 585 2360 propinquiores
609 2288 720 2343 fuerunt
743 2286 927 2360 temporibus:
951 2303 1069 2360 quornm
1092 2287 1163 2342 enim
1187 2304 1341 2360 quenquam
1355 2286 1446 2341 vidisti

154 2372 203 2446 qui
226 2373 305 2428 modo
329 2371 467 2445 perfectus
490 2373 525 2427 sit
550 2373 630 2433 adeo,
655 2381 685 2427 nt
700 2372 832 2428 auferenti
857 2372 957 2427 indicio
978 2370 1090 2445 pallium
1114 2372 1232 2427 tunicam
1255 2370 1334 2427 addat
1349 2371 1447 2426 etiam?

155 2464 187 2513 nt
210 2457 372 2531 percutienti
397 2456 491 2512 malam
516 2456 628 2512 alteram
651 2456 763 2513 alteram
787 2457 911 2531 porrigat
935 2456 1017 2511 item?
1038 2455 1135 2528 diligat
1159 2456 1297 2517 inimicos,
1321 2465 1381 2511 oret
1398 2473 1447 2529 pro

155 2541 393 2616 persequentibus,
410 2540 561 2597 benefaciat
577 2543 608 2597 iis
625 2543 671 2615 qni
688 2559 749 2597 eum
766 2542 901 2597 oderunt?
932 2542 958 2596 iu
975 2559 1086 2602 sunuua.
1102 2540 1199 2614 diligat
1213 2541 1352 2597 dominum
1368 2558 1447 2596 sunm

113 2627 222 2682 aaadeo
245 2644 276 2682 ex
304 2627 384 2682 erirde
414 2627 556 2700 arnmaqne
585 2645 634 2681 sna
664 2635 735 2689 tota,
765 2636 795 2683 nt
824 2626 892 2681 nibil
922 2634 1068 2700 praterea.
1097 2627 1250 2700 proximum
1273 2643 1352 2681 sunm
1375 2625 1447 2681 sieut

120 2722 126 2737 ⁸
153 2712 294 2784 seipsum?
317 2711 372 2766 lmo
396 2712 447 2767 run
472 2713 494 2766 ri
518 2711 652 2785 repellere
675 2711 738 2768 licet
761 2711 857 2773 modo.
881 2729 931 2785 pro
955 2710 1037 2767 rebus
1060 2711 1160 2767 iniuste
1183 2709 1280 2766 ablatis
1303 2709 1382 2766 uobis
1405 2711 1517 2784 imbut-

152 2796 225 2853 dicio
248 2796 414 2858 conflictari,
437 2797 529 2852 eadem
553 2796 673 2853 remetiri
697 2814 823 2853 nroiisnra
847 2815 901 2870 qua
923 2798 1008 2852 rneiisi
1031 2796 1110 2852 uobis
1134 2796 1236 2853 fuerint
1258 2795 1397 2859 bomines;
1420 2804 1448 2850 et

157 2881 180 2937 si
204 2897 259 2936 non
282 2880 361 2955 plane
385 2882 476 2936 odisse
500 2881 637 2944 inlinieos,
661 2898 711 2937 nee
733 2899 822 2937 arnare
845 2882 924 2937 etiam
949 2899 998 2938 uec
1019 2881 1185 2953 coniungere
1208 2880 1448 2942 consuetudinem:

157 2974 260 3039 prater
287 2966 368 3021 deum
397 2967 477 3021 etiam
506 2969 594 3041 ipsum
622 2966 649 3021 in
678 2966 776 3022 dubios
808 2984 898 3023 rernm
921 2975 1033 3022 eventus
1055 2974 1083 3022 et
1105 2965 1246 3040 pecuniam
1268 2964 1399 3037 colligere
1421 2973 1450 3019 et

115 3050 192 3106 aede
223 3050 317 3106 fntnro
345 3051 514 3124 providentia
541 3051 657 3106 buinana
687 3050 822 3107 sollicitos
851 3069 924 3111 esse:
954 3060 981 3107 et
1009 3069 1069 3107 enm
1098 3052 1186 3125 ipsum
1215 3058 1289 3107 recte
1317 3049 1449 3105 salvinius

154 3134 323 3207 evarigelinm
347 3135 451 3197 animo,
477 3136 644 3209 imperfectis
667 3137 748 3193 etiam
772 3153 819 3191 uec
842 3137 869 3191 in
893 3144 980 3191 totum
1003 3136 1200 3208 desperandum
1223 3143 1274 3191 est.

219 3220 317 3275 Puer.
354 3221 419 3274 llum
441 3220 475 3276 de
496 3219 576 3295 plebe
597 3221 734 3293 loqueris,
763 3220 860 3275 eredo:
890 3220 941 3275 line
965 3228 1054 3276 tamen
1076 3221 1147 3281 scio,
1177 3219 1283 3293 tepidos
1305 3219 1445 3293 aspernari
1457 3221 1517 3272 §.nt

154 3304 307 3367 dormimus,
332 3304 469 3360 sternentes
492 3304 560 3361 velle
584 3306 712 3361 naatime:
736 3321 820 3378 quare
843 3304 901 3361 lunc
923 3304 1017 3378 culpa,
1042 3314 1173 3378 qnantum
1196 3304 1286 3365 viden,
1310 3312 1449 3378 tepescen-

157 3389 193 3445 tis
216 3389 318 3445 seilicet
342 3389 483 3461 religionis
506 3390 678 3452 (liminiana,
710 3398 766 3444 tota
795 3389 822 3444 iu
851 3388 905 3443 illis
933 3398 975 3444 est
1003 3389 1049 3462 qui
1071 3389 1137 3445 bfosi
1161 3389 1316 3445 catbedram
1339 3396 1450 3462 aposto·

117 3472 302 3548 celorumque
326 3473 384 3530 luca
408 3483 621 3550 oceirparerunt:
653 3491 685 3530 ea
714 3474 747 3528 iis
770 3473 840 3529 euim
863 3472 968 3546 reliqua
991 3472 1068 3547 plebs
1091 3474 1184 3528 irretita
1206 3481 1249 3529 est
1270 3473 1350 3528 vitam
1374 3490 1449 3528 snam

155 3576 277 3617 omnem:
302 3560 375 3632 quod
398 3560 420 3614 si
445 3560 471 3614 in
495 3561 528 3616 iis
551 3559 637 3615 adbne
660 3558 770 3615 luminis
792 3558 889 3614 fnisset
911 3558 1028 3631 aliquid.
1052 3575 1106 3613 tion
1130 3566 1211 3614 tantae
1235 3558 1359 3631 profecto
1376 3565 1450 3612 tene·
1519 3590 1522 3597 ·

155 3643 211 3699 brce
234 3643 328 3700 orbern
351 3653 530 3718 occupassent
552 3644 744 3699 llbristiauum.

218 3728 380 3801 Legatos.
418 3728 486 3796 Quin
515 3730 572 3786 baec
601 3729 683 3785 missa
712 3729 833 3785 facimus.
878 3728 934 3784 lloc
957 3726 1103 3800 intelligis,
1131 3726 1240 3788 llenno,
1270 3726 1448 3782 universalem
1460 3731 1517 3781 §.oa

155 3831 205 3886 per
228 3814 396 3869 Germaniam
419 3813 542 3870 unidinm
566 3831 626 3870 esse
649 3831 707 3876 me,
737 3813 832 3869 summi
855 3811 1070 3886 universalisque
1093 3811 1204 3868 Romani
1228 3811 1378 3887 perdilieis,
1403 3811 1449 3885 qui

115 3908 145 3949 aa
156 3899 245 3953 olitaria
268 3902 377 3971 potest'l

219 3983 347 4039 llenno.
385 3983 520 4056 lntellign.

220 4068 315 4123 l'ner.
354 4069 458 4124 festum
482 4067 636 4140 generalem
659 4070 822 4141 contagione
847 4069 991 4127 sudantem
1015 4068 1117 4129 orrrnia,
1141 4085 1193 4141 ego
1217 4065 1351 4140 intelligo.

219 4152 383 4224 legatus.
421 4154 473 4209 lam
497 4153 560 4227 qnid
584 4170 617 4209 eo
640 4153 749 4209 nomine
772 4153 887 4228 amplius
910 4152 1028 4228 possim.
1052 4152 1152 4226 accipe.

224 4420 269 4453 Μ’*
286 4421 433 4472 flarent.
450 4419 489 4470 18.
526 4419 547 4452 ¹⁰
565 4419 667 4470 I‘snlm.
680 4421 764 4470 XXV.
778 4420 803 4469 5.
840 4418 861 4450 ¹²
878 4419 978 4469 blatan.
992 4419 1066 4469 XXI.
1082 4419 1122 4468 12.
1162 4419 1448 4470 blnrc.XI.15.Lne.

156 4506 285 4555 xlma.
357 4504 379 4538 ¹³
396 4505 676 4556 EcclesinslieiXXl.
693 4505 731 4555 tu.
802 4501 1301 4570 ”Brenncaeninenvausqq.
1320 4505 1450 4557 Lue.V1.

155 4589 263 4655 aoaqq.
277 4597 326 4641 erc.
396 4589 418 4622 κ
431 4570 539 4640 vam‘va
563 4587 708 4655 repellere]
732 4589 844 4654 unum.
857 4589 889 4638 c.
906 4589 928 4639 1.
941 4590 965 4649 a.
979 4589 1021 4638 aa.
1035 4590 1099 4654 mg.
1119 4590 1153 4639 aa
1171 4591 1199 4639 va
1219 4590 1320 4641 xnm.
1337 4590 1377 4640 ro.
1407 4590 1451 4640 In·

155 4676 276 4725 noe.llI.
292 4691 355 4739 cap.
371 4674 409 4724 l8.
423 4676 457 4724 X.
470 4676 504 4725 de
517 4675 645 4725 homicid.
659 4674 691 4722 V.
710 4673 747 4722 l‘J.
783 4671 805 4705 ²¹
823 4674 1024 4724 natanvtm.
1044 4675 1131 4724 Marc.
1145 4674 1192 4725 IV.
1204 4675 1246 4724 24.
1265 4676 1334 4726 Luc.
1347 4674 1394 4724 VI.
1408 4674 1450 4726 3⁸.

155 4757 177 4790 ³³
197 4759 285 4825 Crdpn
305 4761 476 4825 tepescentis
495 4759 638 4825 religionis
655 4758 857 4825 pontificiorum
876 4764 944 4809 esta
