3276 5414
251 384 299 455 82
513 395 579 445 1111.
649 407 786 452 rourum.
823 406 962 441 uruuoovs
982 405 1168 441 avrrsrucvs.
1188 391 1279 456 (rete.)

250 574 366 647 poetam
382 572 526 632 veterem,
550 561 655 622 ‘Faber
670 563 793 640 quisque
808 560 942 620 fortune·
962 561 1055 638 inquit
1077 570 1148 621 ‘suec
1169 560 1231 629 est',
1255 571 1285 622 et
1300 559 1465 620 Salustium
1482 577 1553 638 pru·

250 670 354 729 eleerrter
383 673 550 726 rnouentem
582 683 661 732 „nou
691 661 841 739 suppliciis
868 670 917 722 atrt
946 661 1104 742 lachrymis
1132 663 1257 723 deorum
1288 661 1398 722 auxilia
1435 662 1551 740 parari;

250 768 423 846 vigilamlo,’'
446 766 539 844 iuquit
561 764 658 834 „bene
679 764 807 842 agendo,
831 763 906 824 bene
930 764 1110 825 rorrsuleudo
1133 783 1277 843 prospere
1300 765 1401 824 omma
1425 762 1550 829 cedunt;

252 871 300 931 nbi
322 869 465 929 sueordiae
486 875 515 925 te
538 874 625 944 atque
646 867 766 944 ignavie
790 866 958 934 tradideris,
988 867 1183 946 nequicquam
1205 867 1279 927 deos
1300 864 1461 944 implores,
1485 865 1552 924 irati

252 973 406 1050 irriestiqoe
428 967 523 1049 surrt''.
1560 986 1571 1021 s

183 1097 242 1148 qo,
316 1091 487 1134 uurrnrvs.
526 1069 708 1149 Quemquam
732 1070 769 1128 ita
792 1070 942 1147 aspernari
971 1076 1067 1148 potest
1089 1070 1220 1147 luppiter
1249 1087 1336 1148 ergo,
1371 1088 1388 1129 a
1419 1087 1484 1147 quo
1509 1075 1552 1127 est

252 1177 298 1252 pie
321 1181 435 1240 oratus,
465 1179 497 1231 ut
519 1190 577 1231 non
600 1171 751 1231 exaudiat?
780 1190 835 1231 uec
858 1171 932 1230 loris
955 1169 1070 1230 iaruulm
1098 1179 1167 1231 sunt
1196 1170 1252 1231 illm
1284 1170 1361 1248 apud
1385 1169 1550 1230 Homerum

253 1268 376 1354 nopae?

316 1396 467 1437 romum.
505 1374 606 1453 Neque
628 1381 804 1451 aspernatur
827 1373 873 1434 ille
896 1372 1025 1433 arbitror
1047 1374 1213 1452 supplicum
1237 1392 1356 1452 preces,
1381 1381 1412 1434 et
1434 1372 1552 1433 exaudit

252 1480 276 1538 si
299 1486 329 1538 ut
352 1476 460 1536 debent
482 1477 616 1536 homines
638 1483 747 1553 petam.
1561 1497 1581 1534 u

316 1599 487 1641 uv'rrmuus.
527 1577 591 1637 b'ou
614 1584 694 1637 reete
717 1584 820 1654 petunt
842 1585 939 1637 autern
969 1579 1034 1655 qui,
1069 1585 1101 1639 ut
1128 1577 1176 1638 ille
1204 1579 1282 1656 apud
1311 1577 1551 1656 Xenophontem,

253 1689 337 1741 orant
361 1680 554 1740 valetudinem
577 1680 704 1758 priuunn
729 1681 863 1758 uiresque
886 1679 1034 1757 eorporis,
1063 1679 1168 1739 deinde
1192 1680 1321 1740 honores
1344 1688 1373 1739 et
1396 1679 1477 1757 apud
1501 1679 1552 1738 bo·

252 1784 346 1845 rrriues
369 1781 616 1849 benevolentiam,
640 1788 706 1858 post
729 1780 791 1840 troo
815 1782 843 1839 in
866 1780 944 1841 bello
966 1781 1104 1849 salutem,
1134 1791 1164 1841 et
1187 1799 1235 1841 res
1258 1781 1376 1841 taudem
1401 1780 1552 1841 familiaris

252 1891 285 1945 ut
307 1884 428 1944 honeste
451 1883 611 1961 augeatur?

185 2013 243 2062 §.eu
318 2007 469 2047 reuerso.
509 1985 543 2043 ili
567 1984 684 2062 qrudem
707 1991 803 2052 recte,
827 1985 878 2044 sed
901 1985 1065 2061 superllue;
1090 1985 1158 2064 quid
1183 1988 1260 2046 enim
1284 1984 1383 2046 nmltis
1406 1983 1581 2045 miscebo

255 2088 379 2149 turulcre
401 2087 528 2163 oportuit
551 2085 667 2144 lovem?
1087 2093 1094 2109 “

316 2209 487 2250 nvrrnxus.
527 2189 570 2245 dn
593 2186 671 2246 lrnrrd
695 2187 857 2246 neccessario
879 2187 932 2246 tibi
956 2188 1018 2248 lnee
1041 2191 1136 2248 (tortula
1161 2190 1315 2250 vuteomrt

316 2311 467 2352 ronrvuu.
506 2289 624 2356 Ornrrla,
655 2288 706 2348 sed
735 2308 799 2367 qun·
826 2288 954 2349 lueriori
982 2291 1115 2351 oratioue
1144 2291 1397 2368 comprehendis
1421 2296 1552 2372 roganti·

255 2392 310 2453 bns
333 2400 449 2470 queam

186 2524 244 2573 qm,
319 2513 489 2555 urr'rnuvs.
528 2493 590 2553 lloc
614 2491 697 2553 uelim
721 2492 859 2562 edoceam
882 2493 934 2553 sed
957 2493 1028 2553 mibi
1051 2495 1132 2571 prim
1156 2512 1256 2562 iterra,
1281 2496 1435 2556 olleudunt
1453 2496 1583 2558 louemze

257 2594 429 2672 prolixiores
451 2614 579 2673 utrquam
604 2596 726 2673 preces?

318 2718 471 2758 ron'rvua.
510 2697 573 2756 Nou
598 2698 693 2756 {nurus
716 2715 802 2774 quam
826 2716 842 2756 a
865 2696 993 2774 diligenti
1022 2698 1229 2776 patrefamilias
1257 2700 1280 2758 si
1310 2706 1418 2775 rogent
1448 2718 1553 2778 strper-

256 2798 313 2859 tlue
343 2798 508 2868 (intricatio,
539 2807 588 2860 aut
616 2799 692 2860 idem
720 2816 798 2875 saepe
828 2800 852 2857 si
880 2806 1011 2877 (perurant
1041 2819 1057 2859 a
1091 2801 1178 2860 docto
1214 2800 1354 2878 magistro
1386 2801 1553 2880 obstreperi

255 2900 412 2961 eternitates,

319 3022 492 3065 nvrrnurs.
530 3002 567 3062 Ut
588 3000 729 3064 molestie
752 3021 875 3080 capuces
897 3003 1014 3064 credam
1039 3023 1102 3065 esse
1125 3004 1200 3066 lovis
1222 3005 1327 3064 aures?
1561 3017 1585 3055 ²⁵

318 3126 471 3166 rourvuu.
511 3104 615 3164 Facile.

188 3232 247 3282 poe
320 3227 492 3270 uvrrnuvs.
530 3206 565 3265 m
587 3205 643 3265 illis
666 3207 769 3267 cotidie
791 3207 877 3267 irasci
897 3207 1115 3276 sacerdotibus,
1139 3208 1208 3269 dum
1225 3206 1325 3286 legunt
1340 3209 1461 3269 eosdem
1478 3228 1555 3288 serpe

258 3308 385 3368 interdiu
408 3306 536 3384 pmbuos
559 3315 588 3367 et
609 3308 687 3367 idem
711 3309 832 3386 vigesies
854 3309 979 3386 onrplius
1002 3317 1138 3387 repetunt
1161 3312 1314 3370 murnuu't

320 3430 472 3471 renerus.
511 3409 544 3469 llo
570 3409 625 3470 boe
649 3412 831 3488 propositum
855 3410 978 3479 liabent,
1009 3429 1067 3470 rron
1096 3410 1166 3488 quid
1196 3418 1296 3480 orent,
1328 3412 1379 3472 sed
1411 3421 1554 3492 quantum

258 3510 373 3590 legant?
633 3507 635 3511 ’
1563 3529 1588 3568 ae

322 3634 495 3675 neruosus.
534 3615 687 3683 Qirermodo
710 3615 798 3690 igitur
821 3614 991 3692 brevissime
1013 3615 1156 3677 orandum
1180 3635 1195 3675 a
1219 3615 1286 3676 lore
1309 3616 1370 3675 esti

190 3730 249 3777 eu.
322 3735 474 3777 reourvun.
512 3715 665 3787 Quomodo
695 3715 780 3776 aliter
807 3718 899 3784 euim,
934 3736 1022 3796 «peram
1051 3724 1084 3777 ut
1112 3718 1149 3776 sit
1172 3735 1256 3777 urens
1281 3735 1351 3777 sana
1376 3719 1404 3778 in
1429 3737 1556 3797 corpore.

259 3818 348 3879 sano?
370 3834 438 3877 nam
460 3818 485 3877 si
507 3818 569 3877 baec
591 3817 706 3877 dederit
728 3817 874 3896 luppiter,
898 3818 1012 3897 reliqua
1032 3827 1251 3897 consequentur
1273 3818 1367 3880 facile,

275 3954 461 3963 ...-..0---—-

329 4038 336 4071 ¹
356 4045 429 4104 poet.
448 4036 517 4103 ret]
535 4077 551 4100 .‚
566 4077 572 4090 .
587 4076 593 4088 .
608 4054 702 4089 rerum
713 4054 774 4088 esse
787 4039 857 4103 quod
868 4041 897 4088 in
910 4040 1079 4089 carminibus
1091 4040 1197 4105 Appius
1216 4041 1265 4101 uit,
1285 4040 1406 4089 Fubrum
1420 4056 1483 4090 esse
1497 4055 1555 4090 sure

261 4140 394 4189 quemque
413 4123 557 4174 fortunae'n
577 4126 623 4175 Or.
637 4123 673 4174 ud
690 4123 761 4173 Caes.
775 4123 807 4175 de
827 4139 883 4188 rep.
898 4124 983 4175 ordin.
995 4123 1098 4175 Salust.
1111 4126 1175 4175 trib.
1190 4142 1213 4175 e.
1231 4124 1252 4175 l.
1306 4122 1423 4189 Scluat]
1436 4125 1499 4175 eat.
1513 4125 1555 4174 tn.

262 4208 309 4258 ubi
322 4208 422 4257 Catoni
441 4208 490 4258 illo
508 4208 594 4258 verbo
612 4208 784 4257 tribuuntur:
804 4208 883 4267 „Non
903 4210 975 4259 votis
994 4224 1082 4272 neque
1096 4208 1242 4275 suppliciis
1255 4198 1437 4258 muliebribus
1451 4209 1556 4258 auxilio

262 4295 373 4343 deorum
391 4299 536 4357 parantur:
557 4293 711 4358 uigilando,
733 4293 852 4357 agendo,
873 4293 944 4342 bene
998 4294 1148 4359 infestique
1168 4298 1257 4344 sunt''.
1311 4293 1321 4325 ³
1340 4309 1394 4343 non
1413 4300 1490 4343 reete
1508 4310 1554 4359 pe·

262 4375 400 4443 tontole]
419 4376 872 4429 MirerlsPe1·siisut.ll.h.l.in
891 4392 967 4426 resono
987 4383 1114 4427 vocatam
1134 4396 1187 4429 non
1201 4395 1271 4429 esse.
1307 4379 1318 4410 ⁷
1336 4376 1460 4444 Romen]
1475 4379 1555 4429 Iliad,

263 4464 310 4513 IX.
323 4459 447 4511 susam.
460 4462 517 4512 Καὶ
530 4455 584 4527 γάρ
598 4477 626 4512 τε
640 4461 726 4512 Atrei
737 4455 792 4511 elec
806 4455 873 4518 Διὸς
887 4461 989 4525 κοῦραι
1001 4456 1146 4528 μεγάλοιο.
1165 4465 1276 4522 Etenim
1288 4465 1392 4513 Preces
1404 4468 1469 4513 sunt
1482 4464 1555 4514 Iovis

263 4548 329 4597 iilioe
352 4544 485 4612 [famulus]
510 4549 611 4613 magni.
640 4537 737 4612 Εὐχαί
753 4546 797 4610 (ε
809 4546 904 4606 Attal)
928 4547 1042 4608 Preces,
1068 4550 1252 4613 precationes.
1328 4546 1347 4580 ¹¹
1372 4546 1421 4598 ille
1446 4565 1491 4615 sp.
1510 4546 1556 4613 lb]

262 4631 459 4683 Ischomachus
478 4649 521 4699 op.
535 4633 658 4697 Xenoph.
673 4647 805 4682 oeconom.
822 4631 887 4693 tl‚e.
908 4631 951 4682 cf.
964 4633 1133 4683 Memorabb.
1146 4634 1198 4683 111.
1214 4632 1252 4682 12,
1321 4630 1342 4664 ³¹
1362 4633 1489 4684 lurensi.
1503 4638 1555 4684 set.

265 4718 297 4766 X.
311 4714 369 4766 uad,
390 4716 549 4777 „Orondum
569 4723 623 4779 est,
643 4723 673 4768 ut
691 4717 728 4767 sit
744 4731 822 4768 mens
840 4731 910 4767 sana
928 4716 957 4766 lu
976 4731 1091 4781 corpore
1109 4716 1205 4768 suno¹'.
