3276 5414
347 403 409 455 1111.
479 416 618 454 ιοιτνιιι.
655 416 794 452 nranoovs
815 417 999 454 uvrramcvs.
1020 402 1104 464 (toto.)
1322 385 1369 458 89

75 573 187 634 lmmile
210 567 328 653 aliquod
349 579 485 650 stagnum
509 579 559 632 aut
581 571 684 632 llnrios
706 579 827 633 tentant.
873 590 965 650 quaro
986 571 1112 633 multum
1140 577 1301 650 occupatos
1328 572 1370 632 di·

75 676 147 735 rites
176 674 243 736 illos
271 674 344 742 dixi,
375 693 429 734 nec
456 674 512 735 sibi
540 680 653 734 tanturn
682 675 777 734 virere
806 691 970 752 magnaque
998 653 1116 752 semper
1148 674 1232 752 copia
1256 675 1370 734 circun-

75 780 169 838 lloere
192 796 295 837 corum
318 776 369 854 qui
391 794 494 854 oqrem,
518 777 568 855 qui
590 774 720 836 subsidia
743 782 856 853 petant,
886 777 1049 835 amicorum
1073 783 1102 835 et
1123 776 1369 854 propinquorum,

76 880 154 940 unde
178 879 318 958 suepitus
341 885 370 938 et
391 877 534 938 tumultus
556 883 586 938 et
606 877 739 937 molestia
762 878 825 936 vite
848 878 940 937 maior
963 895 1050 954 quam
1074 877 1130 936 diri
1153 883 1257 955 potest.
1295 895 1370 956 prae·
1382 888 1438 938 tot.

52 988 158 1042 storea
181 979 305 1040 multum
328 981 428 1039 timent
450 981 500 1057 qni
522 976 612 1038 multa
635 978 764 1057 possidet
791 996 913 1039 necesse
937 985 995 1047 est;
1023 986 1085 1038 tum
1113 978 1266 1039 subeunda
1294 981 1372 1058 peri·

76 1080 142 1142 cula
166 1088 194 1141 et
216 1081 243 1140 iu
268 1088 402 1158 apertum
433 1080 601 1141 discrimen
620 1081 750 1141 eundum
778 1082 920 1160 precipiti
949 1080 1141 1159 quandoque,
1170 1098 1229 1140 non
1257 1087 1370 1141 tantum

77 1183 127 1243 ubi
148 1181 324 1243 lucrandum
346 1182 468 1260 aliquid,
492 1183 538 1242 lac
561 1184 637 1242 enim
661 1181 731 1242 nihil
754 1200 874 1243 neeesse
895 1180 951 1242 illis
974 1199 1038 1243 esse
1059 1180 1182 1252 lucrari,
1205 1200 1372 1262 quanquam

76 1283 187 1344 aridius
209 1302 296 1344 nemo
319 1282 452 1344 lue-ratur
474 1302 562 1362 quam
585 1285 634 1364 qui
656 1283 782 1362 plurima
805 1283 863 1343 iam
885 1282 1017 1344 lucratus
1039 1291 1097 1344 est:
1128 1290 1157 1344 et
1179 1283 1307 1345 Pittacus
1329 1284 1372 1343 di·

77 1405 144 1446 nere
167 1384 294 1454 solebat,
322 1379 493 1464 ἄπληστον
516 1376 602 1446 εἶναι
625 1378 661 1445 τὰ
684 1378 867 1456 διαπαντὸς
895 1380 1027 1465 κέρδοςε
1057 1393 1153 1446 tamen
1178 1392 1371 1445 non-tantum

41 1487 128 1547 tonbt
150 1486 325 1547 lucrandum
352 1486 476 1567 aliquid,
505 1488 556 1547 sed
584 1487 634 1548 ubi
664 1506 697 1547 ea
726 1504 792 1564 quic
820 1487 878 1546 iam
900 1485 1048 1546 habentur
1074 1505 1193 1547 serrare
1222 1505 1298 1566 opus
1328 1488 1372 1547 in·

77 1589 205 1657 curubit,
237 1588 288 1649 ubi
316 1589 436 1649 inbuitae
464 1589 575 1650 circum
605 1588 732 1657 insidia,
765 1587 816 1648 ubi
830 1587 950 1648 itandis
972 1595 1068 1648 metus
1090 1596 1141 1648 aut
1164 1587 1306 1649 violentiae
1327 1589 1371 1648 in·

77 1690 202 1760 cumbit,
232 1690 282 1750 ubi
313 1688 442 1750 latrones
469 1698 563 1760 terra,
592 1691 694 1770 piratae
723 1692 797 1750 mari
820 1690 928 1769 nequid
951 1689 1138 1768 intercipiant
1158 1691 1292 1759 timetur,
1321 1689 1371 1750 nbi

60 1799 166 1869 ,noctu
188 1793 316 1871 parietes
339 1791 559 1870 pertententur,
583 1791 633 1851 ubi
656 1791 746 1851 multa
768 1791 915 1852 subtrabit
936 1790 1023 1851 inlida
1040 1790 1163 1861 familia,
1186 1797 1276 1852 noctu
1291 1792 1372 1852 sures

76 1892 249 1972 conrpilant:
273 1911 309 1953 an
332 1901 362 1953 tu
386 1911 516 1972 unquam
531 1894 701 1954 Fuceberos
723 1894 820 1971 quiete
842 1909 978 1953 somnum
1001 1911 1108 1972 capere
1130 1901 1180 1953 aut
1194 1895 1291 1953 animo
1306 1903 1440 1954 essent?-

44 1993 235 2073 1otranquillo
258 2003 357 2074 putas,
387 2014 455 2056 cum
478 1997 551 2056 mari
573 2003 652 2056 terra
676 2013 709 2055 ac
732 1995 810 2055 domi
831 1994 1072 2077 prospiciendum
1094 1996 1131 2055 sit
1153 1995 1260 2073 nequid
1283 1995 1372 2055 detri-

76 2098 167 2156 menti
189 2098 322 2175 capiant?

139 2218 313 2260 avonemo.
351 2199 393 2260 lle
409 2199 584 2269 Fuccberis,
608 2207 640 2260 ut
662 2199 824 2268 dormiant,
845 2198 986 2259 sollicitus
1009 2216 1067 2258 oon
1090 2215 1174 2266 snm;
1197 2197 1233 2258 de
1249 2199 1371 2258 moscin

77 2287 219 2378 quantum
235 2300 359 2378 vigilem,
383 2302 453 2361 dum
476 2301 557 2362 unde
580 2319 708 2380 quaram
732 2300 810 2378 ιμιοιΙ
834 2319 954 2361 necesse
976 2287 1021 2360 est
1043 2300 1182 2368 ineditor,
1207 2301 1300 2375 agito,
1324 2317 1372 2359 co·

77 2401 154 2476 gito;
177 2401 230 2461 sed
245 2408 278 2461 ut
299 2402 336 2463 de
351 2402 511 2463 Furcheris
534 2403 636 2472 etiam,
660 2405 728 2480 quia
750 2403 950 2481 percontaris,
974 2402 1170 2481 respondeam
1193 2401 1271 2480 quod
1295 2417 1373 2461 nunc

42 2502 188 2571 rosontio,
212 2505 257 2563 vin
281 2521 409 2582 unquam
432 2505 562 2565 dormire
585 2507 699 2584 quietos
721 2523 772 2565 eos
793 2504 930 2565 arbitror.

141 2625 295 2666 ronnrun.
334 2604 423 2666 llecte
446 2607 532 2683 igitur
555 2606 696 2666 intellexit
718 2607 773 2666 ltoc
797 2607 907 2667 Seneca
931 2624 997 2665 cum
1026 2607 1080 2674 ait,
1110 2605 1146 2666 ad
1174 2605 1313 2667 tuendam
1337 2614 1441 2665 ettot-

78 2705 197 2766 fortuna
220 2706 387 2768 felicitatem
409 2706 463 2768 alia
487 2726 562 2787 opus
584 2726 649 2768 esse
673 2708 825 2776 soliditate,
856 2716 885 2768 et
907 2726 962 2786 pro
985 2709 1055 2787 ipsis
1077 2709 1150 2767 votis
1172 2715 1238 2767 vota
1259 2724 1373 2767 nuncu·

77 2807 185 2886 panda.
230 2809 390 2886 quinetiam
419 2818 451 2869 ut
479 2811 513 2870 iis
543 2811 592 2888 qui
621 2812 650 2871 in
679 2808 847 2870 altissimam
875 2808 1013 2869 arborem
1037 2816 1086 2869 aut
1108 2807 1232 2869 sublime
1255 2807 1374 2885 aliquod

78 2908 233 2969 sedilirium
256 2910 507 2981 conscenderunt,
540 2911 663 2990 pronior
684 2911 753 2971 inde
780 2911 881 2990 lapsus
908 2918 968 2980 est,
997 2912 1040 2971 sic
1068 2912 1165 2970 omnia
1193 2908 1373 2988 locupletum

43 3025 69 3065 ιι
79 3010 204 3072 istorum
227 3015 363 3090 praesenti
386 3012 503 3074 assiduo
532 3015 561 3072 in
589 3011 721 3091 periculo
751 3020 920 3082 versantur,
951 3031 1019 3073 cum
1049 3011 1230 3092 pauperibus
1256 3012 1373 3072 interim

79 3112 162 3172 robis
184 3131 271 3173 nemo
296 3113 378 3175 lacile
393 3115 561 3184 insidiatur,
586 3133 672 3174 nemo
690 3114 799 3175 lurtum
817 3114 884 3174 lacit
905 3121 955 3174 aot
977 3116 1109 3192 rapinam
1126 3115 1263 3183 intentat,
1287 3131 1374 3174 nemo

79 3232 209 3291 numnam
232 3214 342 3276 bellum
365 3217 468 3285 iulert;
499 3223 527 3277 et
554 3218 728 3296 praesentius
756 3234 844 3295 ιμιιιιιι
873 3234 925 3276 vos
946 3215 1150 3295 periclitantur
1171 3214 1212 3275 illi
1234 3217 1323 3293 igitur
1346 3223 1376 3276 et

79 3316 207 3393 quietem
231 3325 321 3394 agunt
343 3319 507 3378 rarissime:
532 3319 626 3379 nidisti
648 3318 726 3378 enim
749 3318 777 3378 in
801 3319 914 3394 magnis
936 3316 1033 3378 adbuc
1056 3318 1160 3378 divitiis
1183 3315 1374 3394 tranquillum

79 3417 205 3496 cuipiam
229 3420 424 3480 essentium?
1020 3480 1021 3484 ,

41 3531 69 3572 ³⁰
143 3540 315 3582 nvrrnrvs.
354 3521 563 3582 Sacerdotibus
584 3522 651 3582 virli.
1383 3526 1443 3577 §.⁶¹-

144 3641 296 3683 rourvnn.
333 3622 545 3683 blandintum
569 3633 703 3700 agentem
726 3623 784 3683 boc
806 3623 902 3683 lovem
925 3624 1038 3693 dicere,
1062 3623 1209 3703 podagras
1230 3642 1263 3683 se
1284 3622 1323 3682 ob
1346 3623 1374 3682 id

80 3724 237 3784 immittere
260 3722 315 3784 illis
337 3731 367 3785 et
388 3724 487 3786 febres
510 3733 540 3786 et
560 3726 681 3786 iscbiam
705 3733 732 3786 et
754 3725 947 3786 articulorum
969 3733 1099 3785 torturas
1121 3732 1149 3786 et
1179 3724 1250 3784 alios
1273 3723 1300 3784 id
1324 3742 1374 3801 ge·

80 3844 136 3884 nus
158 3823 293 3893 morbos;
317 3833 368 3886 aut
390 3826 441 3887 ubi
463 3826 559 3887 morbi
581 3829 652 3887 satis
674 3845 732 3886 nou
757 3829 1110 3896 ossent,.eontcntiones,
1134 3826 1268 3886 invidiam
1293 3832 1322 3885 et
1336 3827 1374 3884 si·

80 3925 231 3994 multatos,
254 3926 362 4005 quibus
383 3934 487 3994 mutuo
509 3948 540 3989 se
563 3935 736 3997 attererent,
761 3930 789 3988 in
813 3936 925 3989 tatrtum
949 3938 980 3988 nt
1003 3930 1032 3988 in
1053 3930 1176 3989 summis
1198 3916 1304 4006 ostibus
1325 3925 1374 3986 lae-

42 4029 172 4089 &titiam
196 4047 254 4088 non
277 4030 331 4088 nisi
354 4047 422 4088 raro
445 4030 603 4091 admodum
628 4037 775 4109 caperent.
821 4037 962 4109 praeterea
993 4030 1164 4091 concubinis
1192 4031 1374 4109 mancipasse
1384 4035 1445 4086 tes,

81 4149 151 4200 eos,
174 4130 282 4209 quibus
304 4133 334 4190 in
356 4139 468 4191 teritum
492 4132 610 4192 obnoxii
627 4133 770 4201 virerent,
794 4139 827 4192 ut
844 4131 922 4192 nulla
937 4132 1070 4192 videatur
1087 4133 1221 4192 miserior
1236 4139 1287 4192 aut
1301 4132 1375 4191 dura

82 4234 175 4310 magis
197 4233 336 4299 servitus:
366 4241 489 4312 propter
518 4252 567 4294 eas
595 4235 671 4293 euim
701 4232 851 4312 digladiari
875 4235 953 4313 ipsos
976 4232 1069 4294 multo
1091 4235 1188 4294 arrius
1211 4252 1297 4311 qnam
1321 4251 1376 4311 pro

80 4386 245 4395 ——-
252 4391 280 4396 -.

146 4487 164 4519 ⁰·
183 4484 299 4552 Pinum]
320 4501 364 4551 sp.
384 4486 460 4537 scot».
480 4487 574 4537 Floril.
588 4489 621 4537 Χ.
635 4488 677 4538 48.
696 4477 850 4553 ’Ἀπληστον
872 4502 904 4537 το
923 4480 1081 4545 διαπαντὸς
1104 4481 1214 4550 κέρδος.
1249 4486 1375 4552 Inexple-

80 4570 138 4622 bile
158 4577 202 4621 est
221 4573 331 4629 omuino
350 4571 463 4621 lucrum
517 4570 537 4604 ²¹
557 4570 675 4637 Seneca]
694 4573 728 4622 de
746 4573 848 4623 brevit.
861 4574 926 4623 vitae
947 4573 985 4633 17,
1000 4583 1020 4623 ι.
1073 4569 1095 4604 ²²
1113 4588 1175 4622 eoae
1189 4571 1336 4621 t'oelioitute
1350 4575 1375 4620 2.

80 4659 225 4722 eteierqq.
271 4653 294 4688 ²⁴
312 4662 364 4707 oct.
383 4656 428 4707 Sic
441 4661 467 4706 2.
514 4654 537 4688 ²²
555 4658 612 4706 ,Et
629 4673 709 4723 proes.
724 4662 749 4707 2.
797 4656 827 4706 ²⁸.
842 4657 944 4707 Vidisti
957 4662 982 4706 2.
1033 4656 1056 4687 ³⁵
1074 4658 1099 4718 ς.
1112 4656 1154 4706 to.
1174 4655 1276 4705 Incidit
1289 4656 1317 4704 in
1330 4671 1373 4704 ar·

77 4746 238 4807 gnmentnm
256 4740 356 4792 Febris
373 4741 510 4792 secundm.
609 4796 616 4808 ‚

159 4890 168 4919 Ι
