3276 5414
297 390 332 438 X.
402 404 528 440 nosraoa
548 406 698 441 sucvuovs.
770 406 910 442 nranoers
930 407 1115 444 nvrrunrcvs.
1137 391 1220 456 (1521.)
1330 369 1402 450 355

113 559 198 618 minis
220 557 307 619 Hnssi
329 541 478 620 interitum
501 568 620 620 strenue
649 559 727 620 ultus
755 561 808 619 sit‘t
838 562 867 620 in
895 561 940 621 his
971 561 1108 622 omuibus
1137 564 1265 640 paredam
1290 574 1296 644 Ι
1321 582 1404 619 rouo

112 677 171 717 non
194 661 355 738 quaesierit,
380 679 440 721 uec
468 679 500 722 se
527 662 589 737 ipse
612 679 742 740 unquam
764 660 999 740 locupletaverit,
1028 673 1057 724 et
1079 670 1175 726 tamen
1199 666 1227 724 in
1251 665 1308 725 hoc
1331 683 1405 726 nun·

112 778 200 839 quam
223 762 389 838 interrupto
412 760 555 823 felicitatis
584 781 673 823 eursu
701 782 736 822 cx
767 781 882 824 summo
912 765 1099 843 popularium
1128 766 1301 845 desyderia,
1331 785 1406 846 quos

113 860 293 924 salutaribus
316 862 402 941 paulo
425 871 492 923 aute
515 871 639 924 mortem
669 865 918 926 admonitionibus
946 865 1070 935 erudiit,
1099 884 1203 944 supre·
1226 860 1233 930 Ι
1260 883 1405 920 mamm

92 981 196 1023 smum
220 965 283 1024 vitae
305 963 382 1026 diem
406 963 526 1025 clausit?

176 1087 325 1128 nonrron.
364 1065 426 1142 Ego
458 1084 526 1126 vero
554 1084 673 1144 semper
701 1068 798 1128 audiri
819 1069 908 1128 Zisree
930 1087 979 1128 res
1001 1076 1098 1145 gestas
1112 1050 1239 1130 ‘sceleris
1261 1084 1268 1154 p
1294 1091 1407 1125 mmm.

113 1173 142 1228 ct
164 1167 318 1245 impietatis
340 1186 404 1227 esse
428 1166 618 1246 plenissimas.

176 1288 376 1331 rnauorscvs.
415 1270 510 1347 Atque
533 1288 588 1348 ego
610 1271 721 1340 audiri,
754 1272 804 1331 sed
833 1271 937 1332 veleb
960 1271 1035 1331 illius
1063 1273 1203 1341 inimicis,
1233 1272 1277 1334 rel
1305 1273 1342 1334 ab
1371 1274 1467 1334 tissa

113 1372 162 1449 qui
185 1370 336 1430 historiam
360 1389 417 1430 uon
441 1378 522 1431 recte
543 1378 699 1439 noverant,
723 1373 774 1433 sed
797 1391 833 1431 ex
856 1389 977 1434 rumore
997 1371 1109 1450 vulgari
1131 1373 1334 1451 proferebant:
1359 1394 1405 1436 vc·

81 1485 104 1525 io
115 1489 181 1532 rum
197 1470 284 1549 quale
306 1471 403 1532 scelus
419 1481 463 1533 est
478 1475 583 1551 punire
597 1475 840 1535 nocentissimos?
862 1482 910 1535 aut
933 1494 998 1552 qtrae
1018 1476 1151 1552 impietas
1179 1475 1231 1534 ho·
1255 1471 1262 1541 Ι
1284 1475 1407 1559 ἷξζξζθψ·

114 1575 207 1632 miues
229 1571 389 1650 superbos,
418 1574 576 1644 crudeleis,
607 1594 724 1645 avaros,
753 1576 939 1644 libidinosos,
969 1576 1089 1645 infidos,
1120 1578 1275 1637 iuventutis
1304 1597 1407 1639 corru-

113 1682 229 1752 ptores,
253 1673 350 1753 legum
374 1675 558 1753 publicarum
581 1695 785 1755 perversores,
810 1680 858 1755 qui
881 1676 991 1738 nemini
1007 1678 1136 1755 prosint,
1158 1677 1258 1739 multis
1273 1687 1407 1750 noceant,

28 1789 34 1798 “
113 1794 180 1836 cum
203 1778 290 1836 tantis
312 1778 428 1836 interim
445 1778 616 1839 criminibus
632 1778 867 1839 honestissimam
883 1780 1065 1857 praetendant
1082 1778 1315 1858 appellationem,
1339 1798 1407 1857 spo-

113 1875 185 1937 liare
207 1877 298 1938 rebus
321 1897 392 1956 quas
414 1897 475 1938 non
497 1887 594 1951 recte,
618 1881 771 1958 egentibus
794 1881 910 1941 interim
934 1881 1019 1940 bortis
1041 1887 1070 1941 et
1085 1881 1162 1958 lrrrgi
1179 1881 1299 1950 oirihus,
1323 1883 1408 1942 otiosi

81 1992 150 2038 isac
180 1979 289 2038 inertes
315 1981 370 2056 ipsi
399 1981 582 2057 possideant,
610 1989 639 2042 et
667 1983 777 2060 patria,
806 1983 835 2042 iu
864 2000 920 2060 qua
950 1982 988 2042 ob
1017 1981 1232 2043 multitudinem
1260 2001 1406 2045 annonam

113 2088 249 2157 gravent,
274 2082 410 2159 exigere?

177 2202 327 2243 uomron.
366 2183 432 2243 Fuit
454 2184 511 2243 hoo
534 2184 603 2245 utile
626 2185 752 2244 lloiemis
775 2186 877 2261 putas‘t
1414 2186 1474 2236 l·²⁷·

176 2303 375 2346 rnaucrscvs.
413 2285 561 2357 Ostentum
584 2294 689 2346 eventu
712 2292 818 2362 postea
836 2286 943 2363 preterit,
967 2286 1029 2345 luit.

177 2405 326 2447 nostroe.
366 2386 478 2447 Videris
509 2386 580 2448 velle
610 2388 715 2447 imitari
744 2386 853 2448 lactum
882 2385 973 2456 illius,
1012 2389 1036 2448 si
1064 2389 1159 2464 possis
1187 2387 1264 2457 hiel
1293 2407 1408 2445 rrum..

78 2501 243 2565 aequoque.

178 2609 381 2651 entiscrsevs.
420 2590 485 2650 h'on
501 2591 620 2650 omnino
633 2590 733 2659 nolim,
750 2591 894 2668 siquidem
909 2591 1092 2669 propositum
1108 2591 1165 2650 hoc
1180 2589 1235 2649 illis
1250 2593 1296 2660 sit,
1313 2610 1410 2671 neque

116 2708 223 2769 parere
245 2692 363 2750 monitis
386 2710 482 2769 neque
505 2692 611 2752 cedere
635 2692 846 2769 obiurgationi:
871 2700 942 2752 tuuc
965 2692 1042 2751 euim
1058 2692 1122 2770 cogi
1139 2710 1190 2752 eos
1205 2710 1327 2754 necesse
1343 2695 1407 2755 erit.

183 2812 333 2857 nourron.
373 2794 402 2853 Si
426 2801 454 2854 te
477 2794 711 2854 execrationibus
734 2812 803 2853 vero
819 2795 953 2855 Pontifex
976 2800 1004 2853 et
1026 2793 1258 2875 dirisimpetat‘t

179 2914 379 2955 rnancrsevs.
420 2894 495 2953 hihil
519 2897 625 2971 egerit,
650 2898 707 2955 iarn
729 2895 786 2956 hoc
809 2903 912 2972 pectus
927 2893 1016 2955 habet
1032 2896 1108 2954 enim
1125 2914 1183 2974 quo
1199 2913 1263 2956 rarii·
1286 2905 1294 2976 1
1316 2894 1410 2981 ξζζξζξβί

79 2994 215 3053 laniatur
243 3004 345 3055 contra
373 2997 469 3055 inertia
497 2998 658 3057 istiusmodi
685 2998 841 3057 terricula:
871 3016 927 3076 qua
959 2997 1064 3058 fiducia
1093 2996 1203 3057 absolvi
1231 2997 1330 3058 alteo
1352 3018 1410 3069 rue,

115 3113 183 3155 cum
205 3096 243 3156 ab
266 3097 327 3156 istis
350 3097 488 3166 damnor,
512 3106 593 3177 puto.

179 3218 328 3260 nostroe.
368 3199 444 3259 Nihil
474 3200 556 3261 dahis
580 3201 784 3261 consuetudini
807 3218 892 3270 vero,
922 3201 969 3261 cui
992 3201 1108 3278 penitus
1131 3198 1314 3260 inoleverunt
1337 3201 1479 3262 letati-2⁸.

178 3320 379 3362 snancrscvs.
418 3302 492 3373 Quid
523 3303 623 3363 dareru
655 3321 714 3362 nou
743 3304 846 3362 bonaa‘t
875 3300 1409 3382 3111111311εοιιευ1111111-Ιξυξξυζξῗ·

117 3419 186 3460 nem
208 3420 267 3461 non
290 3403 388 3463 (lectdt
410 3404 557 3464 immutari
579 3422 698 3481 semper
722 3411 750 3464 et
771 3402 892 3466 aboleri.

81 3519 109 3559 ao
183 3523 333 3565 nostroe.
371 3505 466 3565 Etiam
494 3522 574 3566 nuuc
602 3505 707 3566 (locere
735 3505 880 3574 arbitror,
913 3504 964 3564 sed
993 3502 1069 3563 hane
1099 3503 1143 3563 isti
1173 3503 1278 3564 ruralem
1307 3513 1411 3582 putant

115 3605 252 3673 minimc;
276 3624 368 3684 quare
389 3606 488 3667 multis
511 3607 597 3667 otiam
621 3625 655 3668 ex
679 3607 840 3685 prophanis
861 3605 979 3685 plaeere
1003 3607 1081 3665 rides
1096 3606 1181 3665 istam
1202 3607 1408 3683 episcoporum

116 3723 271 3784 pompam,
293 3709 364 3767 istos
386 3708 556 3785 magnificos
578 3716 751 3786 apparatus,
776 3711 890 3785 regium
912 3707 1109 3785 splendorem.
1246 3703 1253 3773 l
1277 3706 1408 3792 {g'fg‘gm

179 3828 380 3871 rnauouscvs.
418 3808 526 3880 Video,
561 3818 591 3870 et
617 3827 735 3888 poenam
767 3811 960 3888 interpretor,
997 3809 1121 3887 qualiter
1152 3807 1307 3868 Cretenses
1338 3807 1407 3869 olim
1419 3814 1478 3864 111.

116 3910 255 3970 adversos
277 3926 351 3990 quos
373 3912 499 3971 maxima
521 3912 706 3973 execratione
729 3914 770 3972 uti
795 3911 943 3979 volebant,
967 3912 1002 3970 iis
1024 3910 1181 3988 optabant,
1204 3906 1212 3975 l
1234 3907 1350 3984 &hilm
1363 3917 1409 3945 ⁶*

80 4027 106 4064 ³³
117 4019 150 4071 ut
171 4010 246 4071 mala
270 4013 482 4074 consuetudine
504 4011 731 4074 delectarentur.
778 4012 872 4083 Quem
896 4031 1028 4073 errorem
1052 4013 1119 4090 quia
1141 4013 1248 4072 misere
1270 4013 1339 4071 satis
1354 4011 1408 4072 lui·

117 4131 183 4173 mers
205 4113 366 4174 diutissime
389 4114 462 4182 iam,
492 4114 581 4175 credo
604 4115 757 4175 misertum
785 4115 901 4175 tandem
932 4114 1114 4174 credentium
1145 4115 1173 4173 iu
1203 4131 1234 4173 se
1262 4113 1409 4174 Christum

116 4222 271 4292 extergere
293 4214 367 4276 velle
389 4233 469 4276 nunc
491 4215 528 4276 ab
551 4217 654 4276 animis
676 4217 846 4285 hominurn,
875 4223 904 4274 ct
926 4235 961 4275 ex
985 4214 1097 4275 lunesta
1122 4213 1229 4274 rrebula
1251 4214 1408 4275 salutarem

115 4314 212 4376 lucem
235 4316 390 4377 inducere:
421 4317 449 4376 id
474 4317 552 4395 quod
575 4335 643 4377 mox
667 4318 812 4378 iacturum
836 4336 903 4378 eum
926 4324 1005 4377 tanta
1028 4318 1056 4375 in
1080 4325 1219 4394 promptu
1249 4317 1329 4375 initia
1357 4315 1409 4375 do·

183 4535 203 4568 ¹⁰
222 4538 332 4587 imitare
344 4537 403 4587 edd.
456 4534 478 4568 ⁸⁴
496 4533 653 4601 Cretenses]
673 4537 716 4585 Cf.
729 4535 822 4586 aner.
836 4538 909 4586 Max.
923 4536 983 4586 Vll.
997 4537 1021 4596 ⁶2,
1033 4544 1062 4585 ts.
1082 4535 1200 4596 „Cretes
1213 4549 1274 4585 cum
1288 4534 1409 4585 acerbis·

113 4622 184 4670 sima
197 4621 377 4671 execratione
390 4620 522 4671 adversus
540 4636 588 4671 eos
607 4636 674 4685 quos
691 4620 870 4671 vehementer
887 4619 1016 4682 oderunt,
1036 4621 1076 4669 uti
1095 4620 1204 4682 volunt,
1224 4625 1250 4667 ut
1267 4624 1333 4668 irrata
1351 4635 1408 4670 con·

111 4707 245 4755 suetudine
262 4707 420 4756 delectentur
437 4710 535 4771 optent
548 4709 592 4755 ...'’

1120 4786 1182 4849 23⁸
