3276 5414
289 460 292 466 .
347 418 396 468 XI.
466 432 627 467 rannerus.
697 432 835 467 omnoovs
855 428 1038 467 nvrruurcvs.
1059 415 1145 479 (teau.)
1318 399 1391 471 367

163 605 365 647 reancrecrs.
403 586 439 645 Et
466 588 495 645 in
528 584 590 646 aliis
619 592 687 647 sunt
714 584 867 647 ordinibus
890 584 982 646 multo
1004 584 1105 667 plnres
1126 583 1272 664 longeque
1294 586 1393 665 perni-

101 689 250 748 ciosiores.

163 809 340 850 nnncaron.
379 787 443 849 Non
466 788 549 849 rideo
571 787 621 849 uhi
644 788 711 848 sint.
1401 789 1460 840 Μ’·

164 909 365 952 rennerscve.
396 889 570 950 Ostendam:
587 891 716 967 primum
731 897 830 952 autem
846 890 965 951 fatearis
980 908 1100 952 neccsse
1116 897 1175 960 est,
1198 892 1292 970 quiin
1308 888 1394 970 sylvis

78 1001 132 1053 ret
155 995 232 1071 agris
254 992 479 1061 latrocinantur,
503 1009 562 1050 non
585 1010 687 1053 omnes
710 1010 774 1053 esse
797 994 923 1071 equites:
947 1010 1013 1052 nam
1037 989 1393 1074 utproiiiga·122¹,‘;⁰3†,}'

99 1096 228 1155 tissimus
249 1094 373 1172 quisque
396 1099 440 1152 est
456 1100 485 1154 ot
499 1110 614 1155 summe
630 1093 820 1173 desperatus,
844 1095 883 1154 ita
899 1093 1035 1154 facillime
1051 1093 1160 1174 dagitio
1176 1111 1241 1154 sese
1256 1095 1391 1170 accingit.

163 1214 339 1257 nencaroa.
377 1195 413 1254 At
442 1195 536 1272 prima
565 1194 602 1255 de
630 1195 713 1255 robis
735 1204 764 1256 et
791 1197 932 1263 maxima,
962 1197 1076 1274 quotics
1098 1194 1157 1256 tale
1180 1195 1329 1273 quidpiam
1351 1196 1392 1265 tit,

98 1299 229 1377 suspicio
252 1304 310 1364 est,
334 1303 363 1357 et
384 1315 439 1356 nos
461 1296 617 1375 predones
639 1314 777 1358 vocamus
799 1298 927 1376 Equites.
1256 1285 1264 1355 Ι
1287 1294 1394 1381 {2qu

163 1417 365 1461 rnaucrsove.
404 1396 459 1467 Oui
482 1398 551 1457 vos?
719 1461 720 1464 Ἴ

67 1513 90 1551 ¹⁰
166 1520 343 1562 nneearon.
381 1500 437 1571 Qui
459 1501 584 1560 maxime
598 1498 775 1577 diripimur,
799 1499 986 1561 Mercatores.

161 1621 361 1664 rememora.
400 1593 556 1681 Nunquam
586 1618 641 1678 ego
663 1601 780 1679 quidem
803 1604 845 1663 sic
867 1601 1020 1681 loquutum
1043 1609 1150 1681 praeter
1173 1610 1201 1663 te
1224 1602 1390 1681 quempiam

99 1707 187 1766 vestri
210 1703 322 1763 ordinis
344 1701 448 1762 audiri.
494 1709 696 1769 verumtamen
725 1704 772 1764 dic
798 1704 884 1772 mihi,
914 1721 1043 1782 unquam
1066 1703 1169 1782 aliquis
1192 1709 1221 1764 te
1243 1704 1459 1782 praedatusoan.

98 1814 142 1869 est
164 1806 280 1886 Eques?

142 1927 318 1969 umnesron.
356 1905 512 1985 Nunquam
535 1906 654 1985 aliquis,
677 1906 730 1967 sed
752 1906 835 1966 timui
857 1924 989 1983 semper,
1014 1913 1042 1967 et
1065 1907 1186 1966 infestos
1201 1906 1296 1966 habeo
1312 1906 1390 1984 quod

65 2012 157 2071 ¹⁵vidi
179 2008 355 2088 exspoliatos
377 2026 392 2067 a
418 2008 499 2067 robis
520 2007 643 2077 maritos,
667 2014 696 2069 et
718 2009 795 2068 sama
818 2016 861 2069 est
883 2009 941 2068 hoc
964 2026 1014 2067 ros
1036 2006 1132 2068 solere
1155 2009 1262 2068 iacere.

162 2129 361 2174 rnauorscvs.
401 2109 486 2179 Orrod
509 2109 644 2187 equidem
668 2111 760 2169 muer
782 2109 828 2169 his
851 2109 956 2170 talibus
979 2109 1139 2170 maledictis
1162 2110 1296 2170 ordinem
1313 2111 1392 2170 hunc

101 2215 249 2274 incessere
266 2218 308 2280 te,
332 2229 428 2290 neque
444 2229 563 2289 passum
586 2211 653 2271 inde
677 2210 744 2271 mali
768 2211 916 2290 quidpiam
939 2228 1036 2290 neque
1058 2220 1176 2291 sumpto
1193 2214 1297 2273 nisiex
1314 2213 1391 2273 sama

99 2322 289 2393 argumento:
321 2328 389 2372 nam
429 2312 499 2390 quid
533 2330 592 2372 non
626 2313 737 2373 vereris
770 2319 829 2373 tam
861 2312 939 2373 nulla
967 2312 1004 2373 de
1034 2330 1136 2373 caussa
1166 2314 1261 2373 ordini
1291 2314 1391 2375 claris·

99 2419 174 2477 simo
198 2412 406 2476 contumeliam
428 2414 540 2484 iacere,
563 2420 651 2492 teque
673 2413 752 2474 ultro
775 2414 909 2475 odiosum
931 2414 1057 2476 reddere
1080 2434 1115 2475 ac
1137 2414 1298 2476 infestum?
1321 2417 1390 2495 quin

61 2521 197 2598 topotius
218 2535 277 2577 non
301 2516 375 2577 adeo
397 2521 509 2576 temere
530 2514 620 2575 rerba
642 2516 765 2592 posthac
787 2517 927 2586 effundis,
951 2523 1039 2596 atque
1054 2518 1137 2576 istam
1154 2523 1301 2594 temperas
1316 2534 1391 2595 prae-

98 2627 246 2699 posteram
269 2625 349 2679 tuam
371 2615 510 2694 loquendi
532 2615 711 2678 libertatem:
743 2635 860 2695 semper
883 2619 960 2678 enim
984 2623 1012 2678 et
1034 2619 1063 2677 in
1086 2620 1180 2677 omni·
1203 2616 1388 2702 Ιξξςζῖξῗῆξςηξζ

98 2721 154 2782 bus
177 2721 303 2800 graviter
332 2718 479 2796 punienda
509 2716 562 2795 init
590 2716 697 2779 levium
727 2718 886 2780 verborum
914 2721 1086 2796 procacitas.
1133 2718 1190 2780 Sed
1212 2720 1270 2779 iam
1292 2727 1459 2779 osten-tar.

97 2823 182 2892 dam,
206 2823 256 2900 qui
278 2822 336 2880 sint
358 2819 425 2880 aiibi
447 2819 611 2898 predones.

162 2942 338 2985 nuncaron.
377 2923 462 2982 Prius
484 2921 519 2982 da
543 2923 665 2991 veniam,
689 2921 868 3002 Imperator,
892 2922 977 2991 mihi,
1002 2923 1081 3000 quod
1104 2923 1286 3001 peccaverim
1310 2923 1339 2983 in
1361 2930 1391 2984 te

59 3026 165 3087 aohic:
189 3042 257 3086 nam
280 3023 421 3102 resipisco
445 3024 518 3093 iam,
542 3041 645 3085 errore
668 3025 775 3102 agnito

161 3144 362 3188 snnnomovs.
400 3125 545 3204 Equidem
574 3124 627 3195 do,
658 3132 746 3205 atque
775 3127 798 3186 is
827 3129 914 3187 etiam
943 3125 1050 3187 redibit
1078 3126 1109 3186 in
1140 3127 1263 3205 gratiam
1290 3133 1389 3187 tecum

97 3228 303 3296 ssuttenus,.si
325 3246 374 3287 me
396 3227 486 3288 audit.

161 3348 333 3390 nvrreurs.
371 3329 479 3397 nodio,
504 3336 532 3390 et
554 3331 597 3390 sic
618 3329 765 3406 agendum
788 3329 874 3389 nobis
896 3338 983 3407 puto,
1007 3330 1151 3409 siquidem
1173 3330 1296 3408 posthac
1318 3338 1390 3392 tem·

98 3430 214 3509 perabit
235 3431 288 3491 iste
310 3430 375 3490 sibi.

59 3551 87 3592 ao
162 3551 339 3593 »macaron
376 3531 571 3610 Temperalro.

161 3652 360 3695 rnaucrsove.
398 3633 490 3712 Igitur
521 3641 646 3712 quatuor
673 3642 741 3695 sunt
769 3636 800 3694 in
823 3634 979 3695 Germania
1002 3633 1119 3695 Praedo·
1142 3639 1149 3710 Ι
1171 3632 1457 3717 qqeqqqqqqnoumqv,

97 3752 168 3794 num
191 3752 309 3812 genera.

160 3855 341 3908 unnearon.
379 3837 489 3898 Audire
511 3837 612 3915 gestio.

160 3957 335 3999 uvernerus.
374 3938 522 4010 Quorum,
550 3939 674 4017 hospes,
703 3939 832 4016 primum
861 3946 890 4001 et
917 3939 1197 4017 perniciosissimum
1220 3947 1264 4000 est
1286 3940 1390 4001 Sacer·

57 4039 201 4100 :nodotum
223 4038 303 4099 illud.
379 4082 383 4089 ·
479 4022 485 4032 ⁹

160 4159 360 4202 rnaucmcvs.
399 4143 435 4201 At
463 4161 518 4221 ego
548 4141 726 4203 levissimum
754 4143 906 4221 positurus
933 4161 1013 4203 cram
1043 4144 1139 4220 primo
1172 4142 1251 4211 loco,
1285 4143 1391 4204 deinde

57 4253 63 4261 ·
96 4241 241 4320 quosdam
269 4243 351 4321 qnasi
381 4259 435 4320 per
462 4243 572 4319 gradus
601 4243 637 4304 ad
667 4245 872 4322 gravissimum
894 4242 964 4305 illud
988 4252 1018 4305 et
1039 4263 1154 4305 summe
1176 4246 1297 4305 noxium
1320 4264 1390 4305 ron-

94 4342 240 4404 scendere
262 4341 409 4412 volebam,
433 4344 471 4403 ita
494 4345 598 4423 utqui
620 4346 717 4405 minus
738 4355 891 4426 raperent,
916 4348 998 4424 prius
1019 4346 1056 4407 de
1078 4347 1127 4414 iis,
1152 4353 1219 4424 post
1234 4347 1283 4424 qui
1298 4348 1390 4423 magis

95 4462 131 4504 ac
154 4444 261 4523 magis,
284 4445 438 4506 referrem.

162 4646 327 4713 'quispiam
339 4649 399 4698 edd.
452 4647 497 4698 Η.
510 4667 531 4699 e.
545 4648 829 4715 praedonibusdemus
842 4650 964 4715 equitnm
981 4664 1088 4700 nomon.
1115 4649 1154 4711 Os.
1167 4649 1390 4716 coclimcirlttep·

88 4746 150 4797 per.
219 4728 387 4798 Νηρεί,
440 4732 646 4800 ³⁸ii?,poit1.
