3276 5414
257 396 331 469 338
434 412 523 463 Vfifl.
592 428 718 463 nostroe
737 429 849 463 oritura.
920 428 1059 463 oraeocrs
1079 429 1268 464 urrmrcrs.
1297 416 1395 477 (1³²⁰.)

255 585 328 643 niam
356 582 516 642 reroraus‘t
545 581 677 641 f'ontifrei
706 582 785 660 equod
814 582 941 642 mundus
973 583 1089 653 tribuit,
1118 583 1199 643 solus
1229 585 1398 645 adimens?
1429 592 1571 663 praterea

255 683 346 745 multa
369 685 445 744 idem
470 701 588 751 moues,
612 703 628 742 a
651 685 798 743 communi
822 703 887 762 quae
909 684 1090 745 abhorreant
1111 704 1208 745 seusu.

318 805 491 848 rm'rrrcnrs.
531 785 660 846 Primum
689 785 760 845 ieris
788 789 895 845 author
923 786 1026 863 vulgus
1055 795 1114 854 est,
1149 805 1247 865 neque
1276 789 1415 864 dignum
1447 787 1478 846 id
1501 787 1569 846 iudi·

256 890 343 954 tium,
372 887 419 946 eui
446 905 462 945 a
489 886 574 946 bouis
603 885 807 946 subscribatur
835 890 931 946 statim
961 890 1008 946 ita.
1054 888 1129 947 seins
1156 897 1187 946 tu
1215 908 1288 948 rero
1316 891 1349 948 iu
1374 889 1509 967 gloriam
1531 889 1568 947 ire

255 988 420 1066 plerunque
443 988 606 1055 infamiam,
631 1007 835 1068 summamque
858 1007 923 1049 esse
945 991 1082 1049 rirtutem
1105 991 1135 1048 iu
1157 987 1278 1049 sceleris
1304 991 1460 1069 opinione
1482 991 1584 1048 sinu-⁵

256 1099 315 1151 tent
339 1091 460 1157 sectari,
490 1107 544 1148 uee
568 1106 654 1164 posse
678 1089 721 1149 rel
744 1090 926 1169 turpitudine
949 1091 1089 1168 imputata
1112 1090 1148 1149 ab
1171 1089 1248 1150 iliius
1270 1092 1377 1152 studio
1411 1091 1565 1151 deterreri.

201 1205 246 1255 t.-'·.
258 1191 368 1252 Deinde
391 1209 449 1250 uon
471 1190 529 1250 hoc
552 1189 626 1249 faeio
650 1191 727 1268 quod
752 1200 782 1251 tu
806 1194 967 1260 existimas,
997 1192 1048 1251 sed
1077 1210 1092 1250 a
1121 1191 1259 1251 sordibus
1288 1200 1321 1253 te
1345 1194 1385 1253 ad
1411 1193 1565 1253 industrem

258 1311 312 1371 ego
335 1294 461 1352 nitorem
484 1291 646 1359 transiero,
671 1313 686 1350 a
710 1291 846 1353 tenebris
863 1296 891 1354 iu
915 1292 1011 1353 furem
1035 1293 1173 1361 traduco,
1197 1301 1225 1353 et
1248 1292 1384 1354 feratnm
1411 1315 1429 1355 e
1455 1294 1519 1354 hrto
1539 1296 1564 1352 iu

255 1413 345 1455 aureo
368 1392 451 1453 sedili
474 1391 596 1453 colloco.

320 1517 468 1557 uomron.
507 1496 571 1564 (frio
593 1494 622 1554 id
645 1497 838 1572 argumento?
1570 1514 1589 1552 ιι

256 1595 393 1676 {mut
458 1617 631 1658 cvmianvs.
670 1598 742 1667 thria
771 1599 923 1660 raritatem
952 1598 1041 1659 iubeo
1075 1597 1232 1658 observare
1265 1607 1313 1666 te,
1350 1608 1380 1659 et
1413 1599 1589 1660 Christum'

256 1700 356 1778 sequi,
390 1699 513 1776 eiusque
548 1700 665 1777 penitus
700 1697 814 1775 legibus
842 1701 986 1761 intentum
1019 1700 1114 1759 diriua
1144 1717 1299 1775 capessere
1336 1701 1500 1771 mandata,
1533 1708 1560 1760 ut

257 1800 429 1880 posthabitis
451 1799 602 1860 homiuum
626 1800 830 1859 traditionibus
853 1810 931 1862 totus
954 1803 982 1860 iu
1007 1803 1040 1860 iis
1063 1802 1232 1878 occuperis,
1256 1819 1356 1879 oeque
1379 1801 1481 1863 fatum
1496 1803 1559 1863 inde

258 1921 403 1981 ungerem,
428 1903 613 1980 quantumvis
636 1904 800 1962 necessaria
825 1922 860 1962 er
883 1904 1006 1963 adrerso
1030 1901 1135 1962 claruet
1157 1904 1236 1981 eloh,
1266 1909 1294 1961 et
1324 1912 1559 1983 quantocunque

201 2011 375 2070 tureroeet
398 2022 505 2083 opere,
530 2002 678 2071 discedam
708 1998 850 2072 breviter,
883 2007 1009 2080 ingenue
1032 2004 1212 2065 Christianus
1233 2011 1264 2064 ut
1287 2004 1344 2072 sis,
1374 2006 1491 2066 author
1511 2005 1587 2065 tibio

255 2125 320 2168 otuu
344 2113 432 2182 atque
454 2103 517 2165 haec
539 2105 642 2165 doceo
682 2124 747 2184 quae
768 2108 859 2186 siquis
882 2115 926 2167 est
948 2108 996 2185 qui
1021 2126 1114 2183 ungas
1136 2108 1362 2183 interpretatur,
1388 2109 1472 2167 seias
1494 2126 1559 2167 eurn

256 2225 315 2266 non
338 2205 448 2265 babere
471 2207 593 2266 instituti
616 2207 758 2268 rationem
782 2209 842 2277 sui,
866 2227 963 2287 neque
985 2208 1075 2269 beare
1098 2218 1142 2276 te,
1172 2227 1239 2268 runi
1263 2207 1318 2267 alio
1342 2208 1481 2277 divertit,
1511 2208 1559 2269 sed

257 2305 365 2382 mmm
390 2312 397 2380 Ι
420 2309 448 2366 in
472 2325 605 2368 errorent
628 2308 777 2369 abducere
805 2311 898 2386 inagis
925 2329 960 2369 ac
987 2310 1122 2388 perdere.
1168 2316 1198 2369 tu
1222 2317 1335 2377 antem,
1366 2311 1443 2368 lariti
1466 2328 1560 2388 nuper

258 2410 360 2474 animi,
384 2407 502 2467 sordida
526 2427 612 2468 rocas
634 2405 800 2477 franc,'uon
824 2409 870 2470 iffa
895 2413 991 2487 potito
1014 2414 1144 2472 animum
1166 2413 1240 2471 mire
1263 2410 1464 2479 defendentia,
1495 2431 1560 2490 quae

257 2519 421 2589 eeqtruutor
443 2511 489 2570 isti
512 2518 541 2571 et
563 2513 716 2571 numinum
740 2510 805 2571 foco
828 2520 1020 2582 reiterantur,
1045 2514 1194 2573 avaritiam
1217 2520 1246 2572 et
1268 2521 1433 2589 questum,
1458 2513 1588 2574 Ιιιιιιιιιιῑυ

258 2619 288 2674 et
309 2611 479 2673 libidinem?

204 2733 249 2783 §.a
326 2734 475 2775 ironrrou.
514 2715 549 2773 at
572 2715 657 2773 etiam
683 2717 833 2776 reritateru
856 2717 1011 2793 profitetur
1033 2716 1165 2776 Pontifex
1190 2722 1217 2775 et
1241 2734 1307 2775 curu
1331 2716 1452 2777 Christo
1483 2718 1559 2778 facit

258 2816 310 2877 sod
341 2816 409 2875 huic
431 2814 469 2875 ob
493 2815 536 2884 id,
567 2834 655 2894 equam
678 2823 708 2875 tu
731 2824 780 2876 aut
808 2815 882 2877 alius
909 2818 1051 2896 quisque,
1085 2819 1208 2895 propius
1236 2825 1445 2887 conversatur,
1481 2819 1560 2897 quod

258 2941 326 2977 esau
345 2941 431 2975 ιιιιιιιι,
466 2916 627 2990 {vicarius
649 2937 767 2996 quoque
791 2926 833 2978 est
856 2926 885 2978 et
907 2921 1083 2979 transfusam
1107 2921 1136 2979 in
1165 2938 1197 2978 se
1225 2936 1343 2978 omnem
1376 2920 1474 2997 ipsius
1504 2923 1560 2980 rim

259 3019 348 3081 habet
376 3037 411 3079 ac
437 3019 503 3097 pari
532 3019 662 3094 fungitur
691 3027 843 3098 potestate.
889 3020 1084 3081 Christianum
1115 3039 1185 3081 vero
1210 3039 1273 3080 esse
1301 3021 1370 3099 quid
1400 3024 1476 3081 tanti
1505 3031 1589 3085 est.‘·⁹³

260 3139 328 3181 curn
350 3119 398 3181 itte
420 3119 523 3179 beatos
545 3122 631 3180 etiam
654 3122 754 3189 faeiat,
785 3128 816 3181 ut
838 3140 940 3182 errare
963 3140 1022 3181 riou
1046 3117 1162 3198 possint
1180 3125 1229 3200 qni
1256 3122 1410 3182 adbaerent
1439 3125 1480 3193 ei,
1515 3126 1560 3183 eni

260 3224 302 3282 sio
326 3240 393 3281 eum
416 3222 531 3281 Christo
555 3223 705 3289 eorrreuit,
735 3230 765 3283 ut
788 3225 880 3301 possit
903 3224 980 3301 quod
1004 3222 1071 3284 velit
1093 3225 1178 3284 etiam
1202 3232 1344 3291 statuere,
1380 3243 1451 3284 cum
1476 3233 1509 3286 tu
1533 3227 1560 3285 iu

261 3323 400 3402 augustiis
423 3324 539 3383 interim
562 3325 687 3383 verseris
710 3331 739 3384 et
761 3324 798 3383 ab
814 3325 971 3400 Evangelio
994 3343 1052 3384 uon
1075 3328 1152 3385 ausis
1169 3324 1212 3386 rel
1227 3324 1371 3386 tantillum
1388 3327 1561 3404 respiceret

206 3447 250 3496 nr.
324 3442 495 3487 nrrrmnvs.
534 3425 725 3503 Nequaquam
749 3443 852 3503 parum
877 3434 920 3486 est
943 3427 1049 3487 Christi
1080 3428 1219 3487 vicariurn
1248 3445 1327 3496 esse,
1362 3427 1415 3488 sed
1446 3430 1561 3490 meritis

260 3536 399 3588 censetur
421 3526 492 3595 hoc,
522 3545 581 3586 uou
604 3528 747 3605 cuiusque
769 3527 927 3589 ambitione
951 3535 979 3591 et
1001 3529 1138 3606 imposito
1166 3531 1292 3588 irornine.
1338 3529 1419 3606 quod
1451 3538 1484 3590 ut
1507 3531 1590 3590 fra-³⁰

260 3628 332 3690 bore
354 3628 434 3689 iffum
458 3628 605 3696 obtineas
642 3647 715 3706 opus
745 3627 796 3688 tibi
827 3631 882 3689 erit
905 3637 997 3690 totum
1020 3630 1057 3691 de
1079 3631 1194 3707 integro
1224 3630 1353 3690 formare
1375 3614 1559 3700 Pontificem,

260 3749 386 3809 eumque
410 3729 496 3789 alium
520 3748 579 3790 uou
603 3748 689 3809 quam
713 3730 764 3790 tibi
787 3749 841 3808 ego
864 3731 990 3809 depinxi.
1031 3750 1131 3792 versor
1154 3739 1251 3792 autem
1274 3733 1302 3790 iu
1326 3735 1471 3810 angustiis
1494 3753 1558 3812 ego,

260 3834 309 3911 qui
333 3833 587 3910 circumscriptam
610 3833 824 3909 arigustissimis
846 3831 986 3892 limitibus
1008 3832 1181 3912 religionem
1204 3834 1291 3902 barre,
1321 3840 1364 3892 tot
1394 3843 1455 3894 tam
1478 3843 1559 3896 arete

260 3942 392 3994 coactam
415 3935 528 3994 circum
551 3933 701 3999 claustris,
726 3935 850 3993 rinetam
874 3935 948 3995 ruire
971 3936 1056 3994 rariis
1079 3944 1107 3996 et
1130 3954 1330 4015 compressam
1352 3933 1488 4012 iegibus,
1512 3956 1559 3998 ee·

258 4031 359 4110 kima,
388 4028 396 4096 Ι
418 4038 558 4096 reruouiis
581 4035 738 4097 obnoxiam
760 4035 847 4113 louge
869 4036 1175 4114 superstitiosissimis,
1199 4038 1228 4095 iu
1250 4036 1416 4097 libertatem
1439 4038 1520 4099 iffam
1543 4047 1592 4098 ⁸³⁵

206 4134 381 4196 §.admisto
404 4134 500 4197 datam
523 4139 661 4204 restituo,
691 4145 719 4198 et
741 4136 778 4197 ab
801 4137 917 4197 iuferuo
941 4138 1116 4215 productam
1138 4156 1257 4199 carcere
1279 4138 1335 4198 sibi
1358 4139 1465 4199 reddo.
1504 4141 1562 4201 Sed

260 4234 444 4312 ss²?;'t2{}f‘q²2{*³¹¹
465 4255 473 4327 q
495 4239 552 4299 hoc
575 4238 692 4298 tamfem
717 4239 788 4298 uriiri
811 4237 949 4305 edissere.
974 4238 1025 4299 ubi
1048 4237 1096 4298 iffa
1110 4240 1188 4300 iuter
1203 4239 1368 4300 Ronrauum
1386 4240 1562 4303 Pontificem

259 4344 286 4397 et
303 4338 450 4399 Christum
473 4341 547 4400 farta
570 4347 614 4399 est
637 4343 807 4400 eonreutio?

323 4460 471 4501 nosrrou.
510 4441 553 4502 ihi
582 4443 674 4507 enim,
705 4443 822 4521 quamlo
851 4451 880 4502 et
909 4441 1018 4519 ligandi
1048 4443 1127 4520 quod
1158 4442 1241 4503 refiet
1272 4451 1301 4504 et
1322 4444 1458 4506 solvendi
1482 4447 1562 4526 quod

327 4641 347 4674 ¹²
360 4644 495 4694 intentum
510 4648 531 4693 1.
570 4661 718 4709 capescere
732 4648 790 4695 edd.
840 4643 859 4676 ¹⁶
873 4648 1079 4709 interpraetatur
1093 4650 1114 4694 1.
1164 4645 1185 4678 ³¹
1199 4647 1323 4697 ediscere
1336 4649 1396 4698 edd.
1418 4647 1462 4699 Cf.
1480 4651 1559 4700 f'ouf.

258 4742 301 4792 op.
316 4728 349 4776 11.
367 4728 401 4778 nd
414 4728 476 4779 Cor.
490 4729 535 4779 vt.
552 4728 591 4779 15.
645 4728 665 4760 θ’
678 4729 777 4780 Mattb.
790 4729 862 4781 xvl.
877 4727 917 4778 l‘d.
