3330 5408
232 421 349 458 omnent
369 422 475 456 suerat(
493 422 609 457 rusum
629 420 754 457 caunum.
774 405 1065 472 [4.]’00101ΗΛΒΥΒΥΙ
1083 420 1345 457 recommendavit.
1395 391 1461 463 581

178 590 251 637 etum
276 580 367 636 fratris
390 582 481 644 Petri,
504 581 615 637 lectoris
637 582 717 637 etiam
741 582 944 656 Praerlieatoris:
969 591 1031 637 tunc
1054 600 1105 654 ego
1128 583 1231 655 primus
1247 583 1368 638 accedam
1385 592 1412 638 et
1429 584 1469 637 iu·

178 667 295 722 stilllalio
323 665 375 721 silai
407 667 433 721 iu
463 684 541 721 unam
572 683 663 722 aurem
692 666 756 740 ‘Ego
785 685 843 722 sum
874 668 1005 728 Thomas,
1040 666 1101 740 qma
1131 668 1221 722 oiriuia
1239 685 1315 740 que
1349 682 1467 741 unquam

179 752 302 825 scripsi,
327 752 418 807 omniav
439 768 471 807 ex
494 752 688 825 spiritusaneto
711 752 822 825 scripsi,
845 760 873 808 et
895 769 1031 825 nunquam
1054 753 1140 807 errari
1165 753 1191 806 in
1214 752 1324 825 seriptis
1341 754 1416 814 meis,
1440 762 1467 808 et

179 837 344 909 ‘quicunque
367 837 454 892 secuti
477 837 577 892 luerint
599 853 684 891 meam
706 825 866 898 doctrinam.
891 855 1026 910 utinquam
1050 836 1214 892 aberrabunt
1236 836 1269 891 ali
1285 837 1398 893 ecclesia
1414 838 1466 893 llo·

154 916 284 976 amana)
327 921 424 977 deinde
447 939 495 977 ros
519 922 597 977 facite
620 920 752 977 similiter.
798 940 852 995 qno
875 923 946 977 laeto
969 930 1089 998 repente,
1103 921 1225 977 volumus
1249 921 1339 977 volare
1363 940 1411 996 per
1427 923 1534 978 seen.

178 1015 298 1062 uestram
320 1023 380 1061 cum
397 1024 493 1079 magna
508 1007 697 1062 coruscatione
713 1016 740 1062 ct
757 1007 954 1063 illuminatione
970 1006 1095 1062 culticuli.
1133 1006 1168 1061 lle
1185 1024 1261 1062 mane
1277 1024 1342 1079 ergo
1359 1007 1467 1080 quando

178 1092 343 1152 surrexerit,
374 1100 439 1146 tunc
468 1093 558 1148 statim
585 1091 744 1165 praedicabit
771 1092 844 1147 illam
874 1093 1004 1148 visionem
1033 1092 1064 1146 ad
1089 1091 1227 1165 populum.
1272 1091 1362 1147 llalieo
1385 1093 1467 1148 etiam

178 1193 230 1249 ego
252 1193 336 1231 anaim
366 1177 491 1249 spiritum
522 1176 696 1237 homiliarem,
726 1176 800 1232 illum
823 1194 875 1247 ego
898 1176 959 1232 volo
982 1178 1091 1232 mittere
1114 1178 1146 1231 ad
1168 1177 1316 1232 lutherum
1340 1186 1366 1232 et
1389 1176 1467 1232 Eras-

179 1278 252 1316 rnum
274 1261 307 1315 de
331 1271 410 1316 noete
434 1261 597 1322 inlectam,
622 1271 650 1316 ut
673 1280 721 1317 cos
745 1261 857 1317 trilmlot
880 1270 907 1317 et
928 1270 1013 1316 vexet.
1311 1252 1314 1259 ’

147 1361 171 1401 au
223 1345 494 1402 lloclrstratns.
532 1345 609 1402 Esset
631 1348 757 1420 prolecto
780 1347 848 1402 liena
880 1365 938 1408 ros,
968 1347 1015 1402 scd
1047 1346 1192 1410 timendum
1221 1355 1275 1409 est,
1306 1364 1340 1402 ue
1368 1347 1534 1419 prada-Mt».

179 1448 252 1492 mur,
283 1430 352 1485 sicut
384 1432 494 1487 inacta
517 1432 644 1486 Berneusi
668 1432 906 1487 suinusconiusi:
934 1449 986 1505 ego
1018 1449 1072 1487 non
1097 1431 1158 1486 volo
1181 1449 1240 1486 esse
1264 1433 1289 1486 in
1314 1432 1365 1487 hoc
1388 1431 1465 1487 ludo:

178 1516 200 1570 si
225 1532 273 1570 vos
296 1515 391 1575 vultis.
414 1518 531 1589 potestis
554 1525 672 1578 tentare,
696 1517 732 1571 ita
756 1525 844 1572 taurea
867 1518 939 1590 quod
963 1535 1017 1572 non
1041 1516 1153 1571 trahatis
1169 1534 1210 1572 mc
1235 1517 1260 1571 in
1283 1516 1335 1571 lioc
1352 1516 1464 1572 iactum:

178 1609 319 1675 peecatum
341 1609 459 1656 restrum
482 1602 508 1655 in
531 1610 612 1675 eaput
635 1609 767 1657 restrum:
797 1619 850 1657 nou
874 1610 915 1656 cst
938 1601 1037 1657 boumn
1067 1602 1155 1657 iocare
1182 1619 1242 1658 oum
1271 1602 1384 1657 sanctis:
1414 1619 1465 1657 nos

178 1703 273 1741 sumus
296 1684 461 1759 aliquotiens
484 1687 620 1760 sapientes
643 1686 706 1742 laicti
730 1687 756 1741 in
780 1687 874 1741 ordine
897 1696 993 1742 nostro
1014 1704 1075 1742 eum
1092 1686 1145 1741 illis
1161 1685 1236 1741 salsis
1253 1684 1399 1742 miraculis.
1437 1686 1464 1740 Si
1476 1684 1534 1732 lll-

92 1802 94 1809 ·
143 1778 269 1826 assutam
293 1770 394 1843 aliquid
417 1770 489 1826 aliud
512 1772 601 1833 scitis,
631 1772 686 1826 sivc
704 1789 759 1844 per
782 1771 861 1844 pluas,
891 1773 947 1826 sire
976 1789 1025 1845 per
1053 1771 1169 1846 nephas,
1197 1771 1293 1827 dicatis
1322 1771 1464 1826 audacter:

176 1873 229 1927 ego
253 1854 314 1910 volo
338 1873 384 1911 vos
407 1855 560 1912 trisulcem:
590 1857 612 1911 si
636 1856 734 1929 aliquis
757 1857 822 1911 milii
845 1855 1036 1918 enumeretur,
1065 1856 1137 1929 quod
1160 1856 1305 1912 occidisset
1327 1855 1481 1938 Reucldim

176 1948 204 1995 et
227 1957 306 1994 nemo
328 1942 425 2002 sciret.
447 1958 500 2014 ego
523 1940 617 1996 vellem
640 1958 701 1996 enm
723 1940 863 1997 absolvere
886 1942 1010 1997 omnilms
1032 1942 1134 1997 orodis:
1157 1943 1246 1996 sicet
1269 1940 1314 1995 ilii.

241 2024 424 2081 llrnoldns.
462 2026 518 2099 Ego
547 2025 614 2080 nilail
646 2027 702 2082 scio
731 2026 812 2081 aliud'.
857 2026 895 2081 illi
925 2026 1068 2082 saeculares
1096 2036 1124 2080 et
1151 2014 1291 2082 studentes
1320 2033 1385 2080 sunt
1414 2025 1463 2079 iam
1475 2026 1533 2077 §.¹2⁷-

176 2110 260 2166 astuti
283 2118 310 2165 et
333 2110 400 2165 lieno
423 2112 512 2167 sciunt
534 2120 642 2173 notare.
674 2128 726 2166 non
748 2111 910 2184 permittunt
932 2129 962 2166 sc
984 2111 1061 2166 facilc
1083 2112 1222 2185 decipere:
1251 2128 1303 2183 ego
1325 2111 1466 2165 coinnritto

138 2195 254 2252 machis
277 2202 304 2250 et
325 2197 432 2250 caeteris
456 2197 593 2268 magistris
615 2196 725 2252 uostris.

241 2280 486 2336 llocltstratus.
525 2280 661 2354 Sequens,
685 2282 816 2354 magister
838 2290 933 2338 noster
954 2281 1047 2343 Patre,
1071 2298 1119 2337 vos
1142 2281 1209 2336 estis
1232 2289 1311 2354 pater
1331 2279 1407 2334 valde
1424 2297 1466 2336 ae·

175 2365 267 2426 lusus,
292 2375 319 2420 et
341 2383 394 2421 non
417 2366 558 2422 comeditis
580 2383 690 2427 earnes,
713 2376 741 2422 et
763 2367 863 2440 ultique
886 2366 1030 2428 laboratis,
1054 2383 1088 2422 ne
1110 2365 1232 2422 habeatis
1253 2366 1349 2421 doctos
1372 2365 1398 2420 in
1422 2381 1466 2419 or·

174 2451 239 2506 dinc
262 2460 365 2513 restro,
389 2452 452 2524 quid
476 2469 542 2524 ergo
566 2450 642 2507 vohis
664 2451 787 2514 ridetur,
817 2453 839 2507 si
862 2451 933 2507 lorte
956 2461 1029 2507 esset
1050 2450 1193 2508 consilium
1216 2461 1310 2507 contra
1335 2449 1466 2527 illosne·

177 2534 310 2591 bulooes‘l
1460 2526 1465 2548 ⁴

140 2637 168 2679 aa
242 2621 376 2675 Petrus.
415 2620 447 2674 lli
471 2621 602 2694 magister
623 2630 730 2683 noster.
754 2639 806 2694 ego
830 2624 937 2678 nescio:
960 2621 1005 2677 ille
1028 2623 1143 2677 anundus
1166 2630 1209 2676 cst
1230 2621 1282 2677 iam
1307 2629 1381 2676 totus
1404 2621 1533 2694 per-§.²8⁸

175 2722 272 2761 versus
293 2715 320 2760 ct
342 2705 438 2779 plenus
460 2707 605 2762 lraereticis.
651 2718 772 2781 {tempore
795 2725 869 2768 mco.
899 2708 1007 2780 quamdo
1031 2707 1069 2762 lui
1100 2714 1190 2762 vester
1218 2706 1379 2780 discipulus,
1410 2722 1464 2761 non

177 2791 229 2847 luit
251 2790 336 2847 atlharc
358 2791 411 2852 sic:
440 2809 492 2864 ego
515 2791 616 2865 ultique
638 2791 748 2853 laboro,
778 2793 825 2847 sed
848 2791 914 2847 niliil
937 2791 1066 2865 proficio:
1096 2791 1184 2866 placet
1213 2809 1281 2864 ergo
1304 2791 1369 2848 milii
1393 2790 1464 2864 quod

176 2876 244 2930 dixit
267 2877 398 2948 magister
419 2885 514 2931 noster
535 2877 685 2951 duplicius.
715 2886 745 2932 ut
771 2877 937 2933 dimittamus
965 2895 1013 2932 eos
1036 2877 1088 2933 sie:
1119 2885 1161 2933 est
1183 2877 1254 2932 sorte
1276 2895 1328 2931 tarta
1351 2876 1464 2931 intluen-

177 2960 214 3016 tia
235 2960 369 3023 caelestis,
393 2962 456 3034 quia
478 2978 585 3036 seruper
607 2971 669 3035 post
686 2962 729 3017 nl.
745 2979 831 3017 anuos
852 2964 925 3018 venit
948 2977 1029 3018 rmum
1052 2980 1150 3018 uorum
1173 2960 1311 3018 saeculum.
1355 2979 1402 3016 ros
1425 2961 1532 3015 vil-²⁹·

141 3045 291 3107 audebitis,
316 3046 389 3118 quod
412 3047 483 3101 sicut
505 3046 544 3101 illi
569 3048 678 3103 tralmnt
701 3047 732 3102 ad
756 3045 841 3103 lucem
865 3046 1056 3121 Hieronymum
1079 3056 1107 3102 et
1121 3048 1344 3122 chrysostomum
1366 3055 1394 3102 et
1415 3063 1466 3102 cae·

178 3140 253 3186 leros
276 3130 339 3186 illos
362 3139 472 3204 poetas,
502 3131 540 3187 sic
563 3141 626 3204 post
643 3132 686 3186 nl.
703 3149 787 3187 aranos
809 3133 933 3188 doctrina
957 3133 1042 3188 sancti
1067 3132 1176 3188 Tlromm
1204 3133 1257 3188 crit
1285 3133 1366 3188 etiam
1388 3148 1465 3192 nora,

176 3224 204 3271 et
228 3217 254 3270 in
277 3216 377 3272 maiore
401 3216 579 3272 admiratione
602 3234 680 3289 quam
704 3234 790 3282 ntinc,
821 3218 883 3289 quia
914 3217 1036 3272 homines
1066 3235 1175 3290 semper
1203 3224 1335 3291 appetunt
1364 3217 1466 3272 novita-

176 3309 239 3356 tem.
284 3318 338 3356 non
361 3308 404 3356 est
426 3301 493 3356 bene
515 3301 659 3374 possibile,
684 3301 756 3374 quod
779 3316 871 3356 omircs
895 3300 956 3356 libri
980 3302 1086 3357 interim
1110 3302 1305 3357 comburantur
1321 3319 1353 3356 ea
1369 3300 1466 3355 liiblio·

178 3368 291 3441 tlrecisx‘
309 3395 399 3442 estote
421 3404 488 3459 ergo
512 3386 575 3441 ltoni
599 3387 679 3441 animi
706 3395 733 3440 et
756 3386 919 3458 permittatis
943 3403 990 3440 eos
1013 3387 1116 3449 lacere;
1140 3387 1247 3460 quando
1271 3387 1360 3442 satiati
1384 3394 1465 3441 errant

138 3487 264 3544 anusque
287 3471 318 3527 ad
340 3489 482 3533 nauseam,
506 3479 568 3544 tuuc
590 3471 742 3527 cessabunt.

240 3551 485 3612 lloclistratus.
524 3557 645 3629 Sequens
668 3556 799 3629 magister
821 3563 916 3610 noster
938 3554 1071 3628 Serapim,
1095 3554 1183 3629 placet
1206 3555 1281 3611 rolris
1304 3557 1383 3610 etiam
1406 3557 1532 3610 stetten.

240 3641 403 3716 Scropha.
441 3642 630 3714 Nequaquam:
654 3642 675 3696 si
699 3641 823 3697 volumus
845 3640 1003 3715 permittere
1026 3641 1057 3695 ad
1074 3640 1160 3695 lucem
1177 3643 1267 3696 venire
1283 3640 1463 3712 Evangelium,

128 3798 130 3800 q
176 3736 242 3783 tuuc
264 3744 358 3782 onanes
380 3727 656 3800 antiquae'liacreses,
686 3725 810 3782 videlicet
832 3726 1023 3787 Arriauorum,
1053 3725 1266 3787 llaniclieorum,
1296 3724 1464 3781 llelridiano·

176 3830 236 3867 rum
259 3819 287 3867 ct
308 3821 414 3868 caetera
437 3812 543 3868 veriient
568 3813 679 3868 iterum:
709 3829 762 3867 non
784 3812 875 3872 scitis,
905 3811 976 3884 quod
1000 3811 1107 3884 quaudo
1130 3821 1310 3884 reputaverunt
1334 3809 1372 3866 illi
1396 3811 1464 3865 :inti-

140 3897 228 3970 toqui
250 3897 393 3959 doctores,
418 3897 488 3970 quod
512 3898 623 3953 luerunt
645 3896 737 3952 niatltae
761 3897 877 3952 haereses
901 3897 927 3950 in
950 3895 1062 3953 ecclesia
1085 3896 1144 3958 dei,
1162 3892 1233 3968 'quat
1256 3897 1289 3950 dc
1311 3896 1399 3969 gratia
1421 3895 1464 3950 dci

177 3999 271 4038 omues
300 3991 364 4038 sunt
391 3982 517 4037 extinctae
539 3991 566 4037 et
588 3982 684 4038 deletae
708 3999 758 4056 per
779 3981 988 4038 sacratissimam
1011 3968 1307 4037 doctriuam'doctoris
1329 3981 1415 4036 saneti
1438 3989 1465 4036 ct

176 4066 286 4123 sulitilis
309 4066 397 4129 Secti:
427 4067 498 4122 etsi
523 4065 562 4121 illi
585 4085 639 4122 nun
662 4068 813 4128 venissent.
843 4085 895 4140 ego
919 4068 1010 4122 nescio
1034 4067 1171 4139 ‹quoiriodo
1194 4076 1280 4121 staret
1303 4068 1367 4121 iam:
1397 4082 1464 4137 ergo

176 4153 200 4225 si
223 4152 275 4208 lmc
297 4152 452 4210 admittitis.
477 4168 526 4225 pro
549 4160 624 4207 certo
647 4169 701 4208 non
724 4153 791 4207 estis
815 4152 878 4207 lmni
901 4151 1054 4213 christiani,
1077 4168 1164 4224 neque
1188 4151 1292 4207 lralictis
1314 4149 1401 4207 zelum
1417 4150 1465 4206 do·

176 4255 237 4293 mus
259 4238 312 4292 dei.

140 4336 167 4376 aa
242 4322 486 4378 Huchstratus.
524 4321 580 4395 ligo
602 4320 720 4378 libenter
743 4321 837 4377 vellem
861 4322 949 4378 lacere
972 4330 1102 4394 quantum
1127 4322 1153 4376 iu
1176 4338 1218 4377 me
1240 4331 1296 4384 est,
1325 4321 1371 4376 scd
1394 4320 1531 4382 leucam,

176 4408 278 4464 auditis
293 4408 477 4464 diversitatem
500 4408 692 4481 magistrorum
716 4416 881 4463 nostrorum.
926 4406 1049 4479 Sequens
1071 4408 1201 4479 magister
1223 4416 1318 4463 noster
1332 4404 1462 4480 lupoldo.

246 4673 264 4706 ¹¹
286 4681 351 4725 cetu
363 4673 560 4740 Beruensi]·de
580 4690 632 4740 qno
650 4673 756 4724 scelere
771 4690 796 4723 a.
813 4673 885 4724 1509,
906 4673 1050 4726 commisso
1068 4683 1151 4740 snpra
1170 4675 1272 4739 saepius
1289 4675 1392 4724 dictum
1411 4678 1463 4724 eet.

177 4759 323 4810 Ci.vol.1.
337 4776 362 4823 p.
374 4758 431 4810 139.
447 4758 503 4811 ltu.
516 4760 575 4811 237.
590 4766 618 4811 et
636 4765 687 4810 art.
706 4761 819 4823 Wipand
835 4762 914 4812 Μή.
961 4756 984 4791 ⁴³
1003 4758 1046 4812 cf.
1061 4759 1156 4812 Ioann.
1171 4761 1206 4810 11.
1222 4759 1261 4811 17.
