3276 5414
191 332 264 404 ⁴192
628 359 746 396 »ιΑιοαι
766 352 1056 398 retroeurmrret.

190 523 338 579 cutiontior
360 521 395 575 sit
418 519 465 593 qui
487 520 544 575 lune
567 536 621 574 non
644 518 731 573 rideat
759 525 841 592 atque
869 518 1049 583 detestetur:
1083 537 1194 594 meque
1225 539 1284 595 ego
1313 522 1386 579 mun
1407 523 1469 582 lanian

190 625 303 681 possum
334 606 391 661 lunc
420 621 481 677 quae
508 612 594 677 agunt
616 602 713 658 onmia.
758 603 791 658 Ut
813 612 902 659 tamen
925 604 992 662 hnic
1017 605 1215 662 restituatur
1237 606 1330 672 bssus,
1356 614 1470 682 atquem

191 697 395 764 constupratam
418 689 498 744 etiam
521 706 536 743 a
559 706 587 744 se
610 688 636 743 in
659 704 770 743 uxorem
791 688 905 762 accipiat
919 688 980 745 sine
997 689 1138 754 scelere.
1166 692 1235 747 sine
1252 692 1375 754 infamia.
1392 694 1469 765 beau

124 783 310 850 §.teoportet
354 775 471 847 Legatos
494 773 537 830 hic
558 773 615 846 agit
643 771 824 846 apostolicus.
858 773 904 847 qui
931 782 997 829 ante
1029 792 1153 849 paucos
1186 793 1284 832 annos
1313 777 1404 833 lihoma
1424 780 1470 834 ota
1507 824 1520 837 .

190 860 344 934 goritiarom
367 857 580 932 facultatumque
603 857 726 930 ingentes
754 874 865 913 acervos
892 858 944 914 huc
972 858 1092 916 adrexit
1128 860 1168 917 acl
1202 869 1374 919 structuram
1398 863 1477 920 hasim

191 945 244 1002 alivi
267 944 341 999 l‘etri
364 942 433 1016 apml
457 943 594 998 llbomam.

255 1028 525 1102 l‘olppragmon.
563 1026 625 1082 Seio
647 1026 785 1082 honuncm
807 1027 991 1101 comitumque
1024 1029 1186 1103 virgineas
1221 1032 1326 1095 facies,
1353 1033 1472 1089 tolleman

193 1123 315 1170 veratrum
339 1111 502 1186 proluviem.
533 1128 668 1185 raucasque
696 1119 840 1175 ruanmset
862 1111 960 1186 pallula
988 1131 1114 1188 semper
1149 1133 1206 1172 ora
1239 1118 1331 1180 larum
1363 1136 1472 1192 aqueum

193 1199 249 1255 sois
273 1215 351 1253 aterno
375 1212 428 1252 non
453 1196 515 1252 oilio
543 1196 773 1270 prosequebatur,
802 1213 857 1253 non
887 1196 1071 1254 execrabatur
1102 1201 1251 1272 pectiniis
1284 1203 1473 1260 Gennauimb

193 1283 369 1357 spoliantem.
393 1299 490 1336 nativum
513 1280 766 1355 pscrulapostolum,
790 1282 984 1337 venumlantem
1000 1283 1100 1339 omnia
1120 1284 1242 1342 Christi
1257 1288 1392 1350 membra,
1410 1305 1484 1343 onas*

193 1368 291 1423 Clu-isti
315 1367 488 1439 sanguinem.
523 1382 616 1422 ouranos
644 1366 730 1420 saneti
753 1366 866 1439 spiritus
894 1366 1009 1439 gratias.
1050 1376 1154 1425 totum
1193 1371 1332 1429 ecelesiae
1360 1373 1474 1432 thaeum

193 1462 274 1526 atque
298 1450 342 1506 illa
366 1451 446 1506 etiam
470 1468 529 1524 quae
552 1467 601 1505 nor
624 1450 717 1505 babuit
739 1467 789 1506 noo
810 1451 926 1507 raudera
954 1451 1064 1524 potuit:
1103 1454 1201 1511 carius
1235 1466 1367 1531 quaestus
1391 1458 1475 1514 muli

193 1545 341 1598 cessasset,
376 1535 402 1589 in
425 1536 545 1590 Suetiam
569 1534 730 1608 llanimnque
757 1552 771 1590 a
800 1535 884 1591 latere
906 1535 1049 1608 pontificio
1080 1536 1209 1610 legatus
1241 1542 1351 1599 abiisse
1379 1542 1477 1599 ferehis.

194 1623 284 1696 ibique
308 1619 413 1676 meritis
436 1620 524 1694 pannis
546 1637 559 1674 a
584 1619 721 1681 Barbaria,
756 1636 826 1694 quos
850 1621 1018 1681 ituraeam,
1055 1622 1206 1688 allectus,
1248 1627 1391 1700 spoliatos
1414 1626 1478 1684 selim

193 1715 308 1779 argento
332 1705 403 1759 oanni
427 1712 508 1777 atque
531 1721 612 1765 auro,
647 1705 719 1777 quod
747 1703 870 1761 caelatum
899 1721 995 1778 magna
1022 1705 1050 1760 vi
1080 1706 1155 1765 binc
1187 1709 1340 1768 abstulit:
1373 1720 1491 1771 excentr-

195 1792 266 1866 ipse.
289 1791 403 1846 comites
426 1788 551 1863 suspensi
574 1788 747 1844 dicebantur:
771 1807 833 1845 noan
856 1807 923 1863 ergo
947 1778 1047 1845 revixit'
1069 1791 1126 1847 hoe
1154 1798 1353 1854 aaronstrum?

126 1883 184 1933 tlt.
257 1873 474 1931 bartolinus.
512 1874 583 1929 bona
607 1873 739 1929 verbale
767 1872 858 1947 legato
881 1875 1034 1935 hbomano;
1071 1892 1132 1933 non
1169 1882 1277 1953 potuit
1309 1883 1433 1944 revixisse
1452 1896 1481 1936 art

196 1969 329 2017 mortuus.
367 1960 414 2015 scil
437 1959 530 2015 nescio
554 1976 613 2032 quae
637 1957 705 2014 mala
729 1959 837 2015 lortuna
861 1967 1006 2033 utrumque
1037 1954 1218 2034 agitaverit.
1259 1965 1363 2030 illum,
1395 1966 1483 2041 tripu

193 2054 314 2107 constat.
344 2045 397 2100 llos
422 2043 467 2099 ille
489 2044 623 2099 banorum
646 2042 790 2116 spoliatum
818 2061 898 2105 auran
928 2053 1055 2117 argento,
1087 2047 1287 2120 supellectile
1320 2053 1407 2111 omni.
1431 2060 1484 2125 capte

193 2148 254 2186 vum
278 2131 390 2203 insuper
412 2128 513 2190 tenuit,
535 2136 663 2183 caussatus
684 2128 785 2202 porbile
807 2127 944 2201 legatione
966 2146 1014 2184 sua
1036 2128 1190 2196 lunatum,
1222 2144 1255 2192 et
1279 2139 1362 2211 pacis
1383 2144 1498 2212 pausus

193 2215 283 2288 egisse
306 2214 373 2269 alia:
407 2221 562 2268 asservatur
584 2214 729 2269 itimnnum
751 2212 838 2269 arlbue
869 2213 966 2276 irater,
999 2214 1058 2270 eius
1088 2214 1174 2280 loco.
1214 2220 1315 2278 ‹louee
1344 2240 1376 2279 se
1396 2222 1486 2281 mum.

192 2300 323 2372 captivus.

258 2382 528 2457 Polypragmon.
567 2381 663 2445 llocte;
697 2384 742 2438 scal
771 2383 814 2438 ilie
842 2401 936 2456 qrrmso
964 2383 1043 2446 mihi.
1079 2385 1149 2458 quial
1191 2388 1247 2445 tibi
1285 2393 1420 2449 accidisse
1445 2406 1488 2447 em

196 2468 336 2542 quereris?
682 2485 684 2488 ’

126 2568 187 2617 §.is
261 2551 473 2610 bartolinus.
510 2550 618 2606 blihin'l
642 2553 797 2609 rorleuntem
822 2554 873 2608 iam
890 2554 990 2609 bboma
1015 2553 1261 2627 triumphatorem
1286 2561 1326 2617 de
1351 2568 1393 2617 tot
1412 2559 1506 2616 litibus

193 2639 325 2695 continuo
347 2644 455 2711 captum
479 2654 521 2692 me
543 2636 616 2692 illius
640 2638 770 2712 principis
787 2637 960 2695 consultores
975 2638 1076 2696 carceri
1093 2639 1309 2701 commendant
1327 2645 1489 2702 iniustissima.

258 2724 354 2779 Puer.
393 2721 570 2778 luiustissime
594 2723 733 2794 prolecto,
763 2722 834 2796 quoal
858 2740 912 2779 non
935 2723 1087 2795 evestigio
1113 2731 1211 2782 toturn
1238 2728 1376 2787 Rhenum
1403 2738 1492 2805 epotm

193 2809 258 2865 alum
281 2807 329 2863 tibi
352 2807 548 2882 propinarunt,
572 2823 627 2880 quo
651 2807 732 2862 toties
756 2808 922 2863 traiicirntos
945 2807 1052 2864 naulum
1076 2810 1185 2865 vectori
1212 2813 1334 2871 solvere
1357 2816 1491 2872 emerim

195 2893 350 2948 fuissemus.

126 2990 186 3040 §.in
260 2976 526 3051 Polypragmon
565 2976 602 3030 hal
627 2975 755 3049 Legatum
780 2977 876 3041 realem
900 2977 980 3034 rediit
1003 2980 1083 3033 vero?
1115 3017 1116 3021 η
1497 3000 1512 3039 ι

258 3060 465 3117 bartolinus.
504 3061 611 3132 bogas?
640 3078 694 3116 non
719 3061 743 3116 nt
766 3079 797 3116 oa
821 3060 964 3136 publicatis
986 3079 1073 3136 nuper
1087 3064 1166 3119 novis
1192 3066 1295 3124 vidisti
1315 3069 1492 3127 facultatibus?

258 3145 529 3220 l‘olypragmou.
567 3145 625 3200 Non
648 3145 772 3209 hercule,
801 3164 918 3203 norasne
947 3146 1104 3203 habebimus
1135 3148 1363 3225 indulgentias?
1393 3156 1418 3213 id
1439 3155 1494 3211 enin

193 3232 285 3288 videor
306 3231 414 3286 annuisse
436 3248 492 3291 ano,
526 3231 635 3286 ltbomao
658 3238 791 3286 vetustate
813 3231 951 3288 corruisse
973 3231 1107 3306 hospitale
1137 3236 1233 3292 saneti
1265 3239 1407 3313 spiritns.
1437 3239 1495 3296 labo·

193 3325 339 3390 nantesque
363 3315 533 3389 oppressisse
557 3315 648 3375 rauna.
672 3316 774 3371 recenti
798 3316 829 3371 ail
854 3316 878 3371 hl
902 3333 934 3372 ex
950 3316 1090 3372 Gennania
1114 3334 1187 3391 opus
1206 3324 1338 3394 pecunia
1354 3343 1425 3388 esso,
1445 3342 1495 3382 aaa

193 3411 300 3475 saraipta
323 3401 355 3457 ad
377 3394 514 3456 basilicam
537 3400 629 3456 veteri.
1069 3433 1075 3453 .
1500 3426 1516 3465 ς,

124 3504 184 3554 qao,
259 3485 471 3542 llartolinus.
509 3485 561 3540 llas
589 3483 657 3540 alins
686 3485 785 3540 interro
816 3486 940 3546 tentarit.
977 3486 1061 3542 irater
1088 3486 1285 3560 professionis
1311 3493 1496 3554 Francisem,

97 3578 102 3593 '
193 3572 335 3646 religionis
357 3570 460 3626 eximito
484 3587 514 3624 ao
536 3570 697 3625 sanctitatis.

257 3658 355 3713 Puer.
394 3655 520 3711 Sanctum
551 3673 615 3710 vero
642 3654 746 3711 scilicet
775 3656 800 3710 iu
824 3654 979 3730 Vestphalia
1008 3665 1228 3730 pergrecantom
1254 3663 1352 3721 multa
1381 3667 1498 3724 neemia

191 3741 342 3804 diversorio
365 3740 520 3801 meritorio,
543 3739 647 3796 abiecta
670 3739 789 3802 coculla,
819 3740 907 3797 serico
930 3740 1066 3802 indutum.
1096 3740 1169 3796 inter
1198 3756 1303 3804 scorta
1328 3751 1499 3826 comprober

192 3844 267 3891 sum;
291 3834 372 3900 atquo
396 3835 426 3881 ut
448 3825 532 3885 scias,
556 3842 572 3880 o
596 3824 740 3898 magister,
766 3826 814 3880 bae
837 3826 863 3881 in
886 3825 965 3880 ileum
988 3825 1102 3899 pietate,
1125 3824 1169 3882 bis
1192 3829 1312 3889 crebris
1337 3836 1369 3891 in
1385 3834 1521 3896 enbieuba

192 3911 362 3969 orationibus
385 3911 435 3965 iatri
459 3909 575 3983 genilms
597 3908 695 3965 callum
719 3909 845 3966 olnlusit:
870 3910 996 3966 nimirum
1019 3909 1177 3983 evangelico
1193 3926 1352 3992 praecepto
1370 3921 1499 3980 omnm,

192 3997 265 4072 quod
288 3995 378 4056 iubet,
401 4013 462 4050 cum
485 4011 564 4050 oraro
588 3994 725 4055 noluimus,
750 3996 776 4049 iu
798 3994 924 4050 cubiculo
947 3994 1040 4050 clariso
1063 3995 1135 4051 ostio
1159 3999 1307 4058 orandum
1324 4022 1408 4063 esse:
1430 4015 1501 4080 atque

191 4099 222 4139 ea
256 4089 330 4137 tanta
363 4077 526 4135 alutinentia
561 4079 686 4135 omnibus
720 4078 866 4135 exhaustus
906 4079 1007 4134 viribus
1046 4078 1130 4154 pallet
1168 4088 1268 4140 totus:
1315 4105 1351 4145 aa
1387 4101 1432 4147 ρει
1461 4089 1502 4145 viai

192 4165 378 4223 sainctimonia.

259 4344 421 4414 lLegatos]
440 4347 561 4412 Angelus
579 4346 778 4398 helmboldus.
805 4347 1108 4411 Cfiiusro§§.5l.sqq.
1176 4347 1210 4396 In
1230 4347 1374 4418 legatum
1395 4359 1504 4427 Aposta

190 4434 274 4484 licum
294 4432 443 4497 ‹puaeosms
499 4430 876 4498 't'erg..mn.111.·2lo.sq.
929 4432 1043 4482 ⁸hveri
1062 4431 1234 4485 salicellus*
1290 4437 1315 4473 ¹⁸
1335 4441 1505 4496 sugeimg

190 4517 211 4552 ¹⁹³
234 4520 380 4581 utrunq31.
429 4516 449 4549 ¹³
468 4533 516 4566 rex
535 4515 687 4583 Uenetum]
707 4517 882 4567 Christianus
900 4532 923 4566 s.
937 4517 1124 4567 Christiemtrs
1136 4517 1173 4566 11.
1224 4518 1245 4551 ³¹
1269 4523 1346 4592 non]
1367 4544 1436 4580 nrm
1452 4530 1505 4580 edd.

188 4600 211 4635 ⁸⁸
230 4604 262 4652 In
274 4603 492 4652 Franciseanum
511 4602 632 4666 quuulom
645 4603 913 4667 in‹lulgeutiarium.s
948 4601 1073 4666 Weslph.
1088 4605 1112 4653 2.
1159 4599 1181 4633 ⁴¹
1196 4604 1319 4674 Evang.
1334 4626 1398 4664 ως,
1412 4615 1505 4666 agath,

189 4685 236 4738 VI,
249 4685 274 4735 6.
328 4684 350 4718 ⁴²
368 4684 449 4752 quod]
469 4701 521 4751 qno
540 4688 598 4736 eald.
