3276 5414
458 379 524 429 IIII.
595 392 732 429 renarra.
769 390 908 428 oraaoors
928 391 1112 427 avrrarucva.
1132 375 1216 445 (rata)

256 569 409 611 ronrrua.
447 548 482 608 dt
505 550 600 626 ipsum
623 548 681 607 Iroc
702 566 762 607 uon
786 548 877 608 video.

256 670 429 712 rauranuvs.
467 650 536 711 Siue
559 668 606 710 me
629 649 774 727 inspicere
797 649 847 709 ubi
870 647 915 707 sit

125 766 183 817 §.tt
256 773 408 813 sparuna.
448 751 569 820 Desine,
594 756 680 828 aluric
704 750 772 810 bioc
794 756 822 810 te
846 770 935 830 ocyus
958 769 1016 829 quo
1039 768 1118 809 nuuc
1141 749 1317 810 eiieIeodum
1343 759 1387 809 est
1410 751 1489 811 mibi.

256 874 427 914 romarus.
467 851 510 911 iiii
534 851 618 919 bom,
643 870 717 930 quos
739 852 892 930 strepitus,
917 851 1030 931 qualem
1055 853 1302 931 expectationem,
1333 870 1409 928 «paras
1431 859 1490 912 tur-

192 955 259 1023 bas,
283 973 370 1032 rpuuu
396 955 489 1014 uarios
512 959 666 1031 pectorum
689 959 786 1012 motus
808 953 906 1023 video,
930 961 962 1012 ut
985 960 1167 1013 concurrunt
1181 971 1363 1032 rursumque
1379 954 1507 1014 discor-⁵

194 1064 263 1116 ruut
286 1056 434 1125 nominee,
458 1073 584 1134 quorum
608 1053 689 1113 iaetus
712 1054 868 1133 quosdam,
893 1073 1018 1115 uumore
1041 1054 1176 1133 pertusos
1199 1054 1270 1115 aiios
1293 1056 1462 1135 conspicor.

125 1164 183 1214 §.tt
256 1178 408 1219 roa'rrua.
447 1157 522 1228 Ouid
544 1155 723 1235 Iorpruutar‘t
746 1175 804 1234 (pro
827 1159 961 1235 pertenit
982 1157 1091 1217 iactus?

256 1278 428 1321 uvrrauvs.
466 1259 499 1319 lu
523 1258 674 1336 Hispanias
696 1258 792 1319 audio.

256 1381 408 1423 coremur.
453 1359 527 1430 Quid
553 1360 608 1420 ibi?

256 1481 429 1523 averanus.
467 1461 571 1521 Cereio
594 1463 710 1522 dustria
739 1462 774 1522 ad
799 1468 841 1522 tot
862 1479 1025 1540 regnorum
1047 1461 1263 1540 possessionem
1286 1460 1417 1524 deiatum
1441 1462 1520 1523 ard-¹⁰

193 1564 251 1626 hue.
266 1565 433 1625 Romanum
455 1565 536 1623 aiunt
558 1565 724 1642 imperium.

257 1686 409 1729 renerus.
448 1664 519 1734 uuis
541 1664 597 1725 boc
620 1663 699 1725 dolet
720 1668 835 1725 autem?

258 1787 429 1828 uv'raauus.
468 1766 590 1835 Quidam
620 1768 698 1827 iuxta
727 1785 827 1845 reges,
858 1785 985 1844 quorum
1015 1769 1113 1827 tristes
1143 1767 1225 1828 rideo
1253 1775 1406 1838 oramres,
1440 1769 1489 1830 sad

196 1871 326 1929 numium
347 1869 472 1929 maxirue
493 1868 644 1928 Itourauus
666 1868 812 1947 pontifex,
836 1871 920 1929 caius
943 1868 1055 1946 legatus
1078 1887 1182 1947 parum
1204 1868 1289 1929 abest
1310 1877 1343 1930 ut
1367 1887 1489 1948 suspen-

196 1971 305 2030 datae.
1499 1978 1520 2017 u

125 2080 184 2130 §.tt
258 2093 410 2135 roa'rvua.
448 2073 628 2134 Perrordare
649 2073 771 2152 Insuper
793 2091 864 2133 num
887 2073 956 2151 quid
979 2072 1046 2132 mab
1069 2075 1154 2132 etiam
1177 2072 1325 2132 ceciderit.

256 2195 429 2235 rrrrrnuus.
468 2174 611 2235 Cecidisse
635 2175 733 2235 seruat
756 2176 784 2234 iu
807 2174 949 2240 abiram,
973 2180 1059 2252 atque
1075 2173 1114 2232 ibi
1129 2173 1255 2251 quadarn
1271 2174 1393 2233 adeetos
1409 2173 1490 2236 riade

194 2275 336 2336 barbaros
365 2277 485 2352 insigni,
514 2278 620 2344 atroci,
650 2277 731 2335 aiunt
758 2276 886 2336 eiusdem
917 2275 1013 2336 Caroli
1041 2275 1185 2354 auspiciis,
1231 2275 1256 2336 0
1285 2276 1397 2352 optuua
1426 2278 1488 2335 nori

194 2378 379 2454 iruporatoris
403 2379 495 2444 initia,
525 2398 542 2436 o
566 2381 649 2456 spem
672 2376 738 2437 orbi
761 2377 919 2438 christiano
943 2378 1091 2437 eximiam!
1122 2377 1186 2438 Non
1210 2379 1266 2437 iam
1288 2377 1398 2456 aliquid
1421 2378 1489 2438 Itoni

193 2477 276 2538 dabis
298 2480 383 2539 etiam
406 2478 495 2538 ruibi'?
1496 2473 1521 2513 ²⁰

258 2600 410 2640 reuersa.
448 2579 570 2641 Carolus
593 2580 682 2641 dabit.

254 2701 428 2743 rrr‘rnnurs.
466 2681 576 2742 Iterum
606 2702 704 2761 spem,
737 2685 842 2744 iterum
875 2683 989 2743 favores
1017 2684 1183 2762 principum
1207 2681 1310 2743 obiieis
1333 2683 1424 2745 miIu:
1453 2683 1489 2744 da

194 2781 303 2860 aiirprid
326 2790 374 2851 tu;
397 2783 492 2861 sirprid
515 2783 562 2844 ille
586 2793 651 2862 post
673 2785 801 2853 dederit,
826 2787 922 2863 ipsmu
945 2762 1091 2846 corolIarii
1114 2793 1175 2845 esto
1198 2788 1268 2846 vire.

126 2894 185 2945 §.tt
257 2906 409 2947 rorarunt.
448 2886 522 2959 Quid
546 2887 673 2965 prboum
696 2888 738 2946 ris
760 2887 910 2947 onuumu?

195 3057 329 3066 -—-—---.
337 3059 342 3064 .
360 3060 369 3065 ..
379 3060 397 3066 ..-

263 3173 282 3205 ¹'¹
301 3174 416 3224 I'arolus
434 3176 466 3224 V.
487 3175 593 3224 electus
617 3179 660 3224 cst
684 3180 799 3225 exeunte
819 3176 898 3225 Innio
918 3192 942 3228 a.
959 3174 1032 3224 loru.
1103 3174 1123 3206 ¹³
1143 3172 1232 3240 reges]
1258 3174 1384 3238 Gallicus
1403 3177 1489 3225 Fran·

195 3260 285 3308 ciaeus
304 3258 325 3307 1.
347 3268 374 3307 et
392 3258 525 3324 Anglieus
539 3260 676 3308 Iieurieua
697 3259 771 3308 VIII.
796 3261 899 3309 Leonis
912 3261 945 3308 X.
967 3260 1070 3308 frustra
1089 3266 1186 3310 contra
1204 3259 1333 3308 Caroium
1352 3260 1442 3309 moliti
1461 3261 1489 3309 in

195 3343 370 3393 Germaniam
389 3342 500 3407 legatas
520 3345 592 3392 idem
610 3343 657 3393 ille
675 3343 796 3393 Thomas
815 3344 976 3406 caietanus,
997 3343 1147 3393 cardinalis
1166 3344 1193 3392 S.
1207 3343 1281 3404 Sinti¹
1296 3343 1358 3406 init,
1378 3344 1425 3409 qni
1445 3361 1488 3394 eo·

194 3429 254 3478 dero
275 3442 385 3478 roonere
406 3429 461 3477 iam
480 3427 551 3493 aprrd
570 3428 788 3477 Maximiliauurn
807 3429 871 3493 imp.
887 3430 997 3478 stancius
1016 3429 1115 3478 fuerat.
1187 3428 1238 3462 ¹⁷⁴⁸
1256 3427 1335 3478 clade
1354 3428 1489 3479 barbaros

195 3512 236 3579 tn]
256 3516 311 3565 Ites
329 3515 370 3565 ita
393 3518 521 3562 narratur
546 3512 572 3561 in
597 3512 719 3576 tlitdparbi
746 3509 899 3579 thttriiini
924 3513 976 3562 uiri
1001 3513 1179 3563 eruditissimi
1203 3513 1237 3563 de
1262 3520 1400 3563 conuentu
1415 3509 1421 3579 Ι
1436 3513 1487 3562 Aa·

194 3597 292 3665 gersten
315 3600 452 3649 concinna
477 3594 671 3661 descriptiolne
690 3613 721 3650 at.
738 3594 743 3663 Ι
759 3613 902 3650 unuani.
919 3598 922 3658 i
939 3598 974 3646 4⁰.
1001 3616 1026 3663 p.
1042 3598 1111 3661 Aiij:
1137 3599 1245 3659 „Fama
1272 3597 1369 3648 attulit
1387 3599 1487 3664 Hispa·

193 3702 287 3735 uorum
306 3685 416 3749 copias,
437 3698 496 3746 quae
515 3683 543 3730 in
562 3681 709 3747 Apbrieoru
729 3688 826 3732 contro
844 3682 1036 3732 Aenobarbum
1056 3685 1239 3744 traiecerant,
1259 3682 1367 3732 levibus
1385 3682 1489 3748 praeliis

194 3786 254 3819 eum
274 3787 306 3820 eo
326 3769 476 3819 eorunussia
496 3769 536 3816 ita
554 3766 688 3833 paulatim
708 3766 782 3815 illius
801 3768 875 3815 vires
894 3768 1025 3833 fregisse,
1051 3774 1081 3816 ut
1100 3768 1188 3832 ipsum
1207 3783 1267 3816 enm
1286 3768 1374 3816 fratre
1394 3783 1429 3816 ac
1448 3784 1487 3816 re·

193 3855 286 3920 quniis
306 3853 445 3920 copiarum
464 3857 544 3917 terga
563 3856 671 3902 vertere
691 3851 840 3916 coegerint.
877 3853 904 3901 la
923 3868 984 3902 enm
1002 3854 1075 3901 intra
1088 3853 1189 3901 rnoeaia
1201 3851 1442 3918 TremeaenIorum
1459 3867 1488 3901 se

194 3941 360 4005 recepisset,
380 3939 427 3988 diu
441 3942 469 3987 ct
481 3938 585 3987 acriter
603 3953 619 3986 a
638 3936 739 3986 nostris
758 3936 891 3985 militibus
910 3936 1038 3986 obsessus
1057 3940 1108 3989 est,
1145 3938 1191 4000 qai
1210 3951 1270 3985 cum
1287 3935 1399 4001 longina
1417 3936 1487 3985 obsi·

193 4025 301 4074 dionem
322 4025 394 4074 ferre
414 4039 467 4072 uou
486 4028 594 4088 posset,
621 4023 680 4087 ipse
699 4037 754 4070 una
774 4038 834 4071 erana
854 4022 940 4070 iratre
961 4037 993 4070 ac
1013 4021 1110 4070 robore
1130 4020 1247 4069 miiitum
1266 4035 1333 4084 quos
1352 4022 1428 4070 intra
1446 4036 1488 4070 ar·

194 4127 253 4159 eem
273 4113 432 4174 receperat,
457 4124 507 4172 per
530 4109 665 4172 posticam
689 4112 796 4172 portam
821 4106 892 4156 eiam
916 4122 1044 4172 agressus
1067 4104 1184 4157 salntem
1208 4105 1262 4155 sibi
1286 4105 1354 4170 fuga
1379 4121 1487 4170 compa·

194 4210 269 4244 rasse
295 4195 447 4244 arbitratur
466 4199 516 4241 est.
553 4192 671 4257 Hispani
696 4207 761 4241 vero
786 4192 922 4256 evestigio
941 4207 1034 4241 arcem
1053 4191 1180 4256 aggressi
1198 4191 1225 4238 ui
1244 4194 1391 4255 ceperunt,
1417 4206 1487 4241 com·

193 4279 354 4343 modumque
373 4279 406 4326 de
427 4278 486 4326 eins
504 4275 571 4341 fuga
591 4277 723 4327 certiores
742 4273 812 4324 iacti
831 4291 892 4324 cnm
909 4275 1003 4326 valido
1023 4276 1149 4341 erpritatu
1167 4275 1306 4340 prosecuti
1319 4280 1392 4325 aunt.
1429 4273 1488 4325 Cra·

192 4368 280 4412 teram
299 4361 479 4411 Aenobarbua
498 4363 526 4411 iu
545 4360 665 4410 transitu
684 4360 802 4408 fluminis
821 4360 1079 4425 supervenientibus
1104 4375 1165 4410 cunr
1188 4359 1263 4408 haud
1286 4356 1488 4425 tuto'effugera

192 4451 299 4511 posset,
320 4461 428 4495 uranum
448 4446 599 4496 conseruit:
619 4450 771 4511 pugnatum
790 4450 832 4493 est
849 4445 978 4509 utrinqne
998 4446 1113 4506 aeriter3
1133 4445 1245 4495 tandem
1263 4458 1325 4494 curn
1343 4445 1486 4494 nostrian-

192 4531 315 4596 periores
334 4532 436 4581 virtute
455 4532 572 4581 militum
592 4532 760 4589 evasIsseut,
780 4529 973 4578 Aenobarbum
993 4545 1053 4595 euni
1073 4529 1157 4578 fratre
1177 4544 1210 4578 ac
1229 4533 1288 4579 toto
1307 4529 1488 4593 equitatum-

193 4615 364 4664 terieceruut
383 4615 522 4680 affixaque
542 4630 634 4664 eorum
654 4615 748 4679 capita
767 4614 927 4663 lancearum
947 4612 1121 4663 mucronibus
1140 4628 1200 4662 eum
1213 4613 1332 4663 victorin
1345 4613 1382 4662 ad
1394 4613 1488 4664 urbem

193 4698 380 4764 deportarunt.
416 4700 485 4749 Haec
504 4700 532 4749 in
551 4697 696 4762 dpbriea.''
