3276 5414
269 353 342 424 354
452 365 486 415 X.
548 345 851 413 ’10111011101111111
921 373 1063 409 orauoovs
1082 371 1279 408 uirrrnrcvs.
1300 354 1397 421 (tuto.)

267 555 355 617 qnam
379 542 407 596 et
429 531 595 595 huiusmodi
618 533 642 591 si
665 529 779 608 plenius
801 528 885 607 queri
908 527 1008 599 veliin,
1033 525 1111 588 nulla
1134 527 1205 587 satis
1220 524 1329 605 lingua
1350 523 1464 591 luerit,
1488 520 1578 582 nullos

267 640 401 717 spiritns
429 635 508 696 nulla
530 633 621 693 latera
644 633 681 694 ad
704 630 905 708 explicandam
928 631 971 690 rei
994 631 1191 689 atrocitatem:
1215 645 1322 706 neque
1349 627 1437 686 enim
1461 622 1577 684 1111111·

268 740 375 801 onitate
390 738 497 818 poterit
512 736 622 814 aequari
638 735 768 794 omnium
785 733 871 792 sulem
894 730 1040 791 excedens
1062 729 1232 807 magnitudo
1250 728 1330 789 liaec.
1374 725 1482 797 Quare
1497 726 1576 786 etiam

266 839 427 925 lffiggssg„
448 857 456 926 Ι
478 834 671 914 scriptoribus
692 835 785 893 nostri
806 835 947 911 temporis
969 831 1073 892 duram
1096 831 1221 908 proponi
1244 829 1465 890 conditionem
1488 827 1575 893 rideo.

268 942 346 1020 quod
375 959 442 1001 enin
471 938 635 1017 eloquentia
664 934 736 996 nibil
758 935 828 996 inibi
849 934 1065 1012 adsequantur,
1094 932 1151 992 tide
1180 940 1282 992 tamen
1311 930 1401 1010 apud
1432 937 1592 1008 postuma

268 1051 417 1121 utcunque
441 1060 474 1102 ea
496 1039 717 1119 pertractarint,
741 1037 862 1096 carituri
885 1038 956 1105 sint,
980 1034 1058 1113 quod
1081 1052 1168 1094 nemo
1191 1031 1296 1094 credet
1317 1031 1421 1092 talem
1444 1039 1508 1091 tam
1530 1030 1575 1089 de·

269 1145 393 1206 formem
418 1142 506 1202 luisse
529 1141 608 1201 buno
630 1157 730 1200 rarum
753 1145 869 1199 statum.

197 1253 259 1317 §.tt-
331 1264 482 1305 uonrron.
521 1242 667 1314 Quantum
696 1241 767 1301 mibi
789 1257 929 1316 scrnpnm
953 1238 1069 1309 obiiris,
1099 1256 1186 1315 quam
1208 1237 1291 1314 gravi
1314 1237 1476 1314 cogitatus
1498 1251 1576 1294 meos

269 1346 451 1407 haesitatione
472 1343 628 1420 impeditos
649 1341 764 1403 reddis:
787 1344 874 1420 igitur
896 1341 946 1419 qui
968 1328 996 1400 te
1018 1341 1160 1400 monitum
1183 1339 1309 1407 accessi,
1336 1337 1401 1397 boc
1416 1337 1496 1396 mibi
1510 1352 1575 1395 eoo·

268 1449 381 1525 tingere
405 1445 503 1514 rideo,
533 1445 596 1521 ipse
623 1443 675 1504 abs
704 1452 731 1503 ta
754 1451 787 1503 ut
808 1460 944 1510 moneam
975 1443 1027 1502 etsi
1051 1460 1141 1503 unum
1164 1458 1222 1500 noo
1245 1440 1343 1517 patiar
1368 1441 1518 1515 ignorare
1539 1444 1598 1499 ten

269 1547 348 1638 quod
372 1546 466 1624 palam
490 1544 584 1605 lertur
606 1553 635 1605 et
657 1563 711 1621 pro
734 1552 854 1622 recepto
876 1562 953 1622 pene
975 1551 1035 1612 est,
1058 1544 1205 1605 nominem
1228 1559 1364 1619 unquam
1388 1539 1523 1600 feliciter
1537 1539 1571 1596 ri·

268 1647 388 1683 ‘mmm
401 1655 445 1691 ¹²⁹¹·
467 1655 549 1725 ptam
564 1648 661 1707 finisse
678 1648 727 1726 qui
742 1647 928 1707 sacerdotum
944 1646 1038 1706 ordini
1061 1646 1191 1705 intensus
1213 1641 1316 1711 luerit,
1340 1643 1436 1703 etiarn
1462 1641 1515 1720 qui
1537 1640 1571 1698 ii·

268 1694 386 1735 sequuturos.

269 1753 308 1811 tia
330 1752 497 1810 insectatus.
598 1812 602 1819 ,

201 1862 259 1910 stt.
332 1869 531 1913 rnnuorsovs.
570 1850 635 1927 lpse
657 1848 761 1909 melius
783 1850 915 1909 ominare
938 1848 1036 1916 nobis;
1060 1847 1124 1907 illos
1146 1853 1244 1906 antem
1266 1845 1352 1906 laeile
1377 1847 1481 1923 patior
1504 1843 1568 1904 dila·

268 1955 306 2013 tis
327 1951 364 2014 ab
387 1971 418 2013 se
441 1949 618 2012 rumusculis
641 1956 748 2010 statnm
770 1952 845 2010 tueri
868 1968 969 2019 snum;
993 1957 1080 2028 atque
1102 1951 1212 2009 utinam
1235 1966 1294 2008 non
1310 1955 1439 2025 possent
1456 1947 1592 2007 altares

267 2073 364 2134 neque
386 2053 463 2114 alind
486 2052 631 2113 haberent
652 2052 834 2130 presidium!
864 2070 912 2112 rue
935 2070 1003 2111 rero
1028 2050 1099 2110 nibil
1127 2057 1244 2110 movent
1271 2066 1375 2125 nugae,
1406 2050 1566 2127 quinetiam

270 2173 379 2233 magno
403 2153 577 2215 labulanteis
599 2154 662 2214 haee
684 2152 750 2215 illos
772 2154 870 2213 animo
894 2160 1065 2215 contemno:
1089 2153 1156 2211 nori
1178 2151 1331 2228 bominum
1347 2152 1482 2230 ingenia,
1506 2153 1566 2210 nori

268 2263 361 2317 artes:
390 2255 441 2316 sed
472 2255 593 2332 posthac
622 2253 696 2315 male
727 2255 890 2315 fidantiis:
920 2262 1021 2332 aperta
1043 2260 1111 2314 sunt
1133 2254 1210 2313 enim
1232 2260 1334 2332 operta
1358 2241 1430 2331 qnae'
1453 2252 1566 2313 inerant

268 2358 366 2436 prius,
390 2356 511 2417 detectae
534 2356 666 2424 frondes,
691 2357 797 2434 proditi
820 2354 894 2422 doli,
922 2355 1068 2434 praestigia
1098 2362 1207 2433 patent.
1251 2356 1293 2415 sic
1315 2354 1480 2433 aliquando
1504 2352 1565 2413 reli·

268 2456 470 2544 {gffffig'g‘fft'p
498 2459 613 2535 gionem
638 2464 836 2535 corruperunt
870 2457 1014 2542 populum¹
1039 2458 1234 2518 Christianum
1264 2456 1401 2516 docendo
1429 2453 1590 2516 sceleratio

270 2560 412 2628 homines,
435 2567 547 2620 utnon
570 2558 675 2619 Glrristi
698 2559 878 2629 sacerdotes
907 2559 959 2620 sed
982 2562 1102 2621 exoticas
1133 2560 1292 2636 cuiuspiam
1321 2576 1356 2617 ac
1385 2556 1565 2618 detestandae

202 2672 262 2724 tat.
272 2661 485 2739 superstitionis
507 2660 662 2721 sacrificuli
685 2661 862 2721 riderentur.
907 2661 992 2721 Nune
1014 2660 1182 2721 illuminatas
1197 2658 1350 2720 hominnm
1366 2666 1486 2719 mentes
1501 2665 1566 2718 srrnt

268 2758 458 2837 ffl‘ffiffigsst
495 2761 634 2823 abstersis
668 2761 798 2831 nebulis;
832 2781 919 2841 quam
954 2762 1039 2823 nobis
1072 2764 1197 2823 maxime
1234 2761 1331 2822 luceru
1363 2761 1564 2837 instinguente

179 2888 184 2898 ·
270 2862 384 2923 Christo
397 2863 544 2923 Lutlrerns
559 2863 708 2934 accendit,
733 2883 820 2943 quern
843 2866 893 2944 qui
916 2865 991 2933 odit,
1016 2864 1162 2925 Christum
1178 2882 1238 2924 non
1253 2870 1339 2923 amat.
1375 2879 1471 2942 quare
1488 2863 1563 2923 bunc

269 2982 428 3044 sequamur
449 2971 594 3043 quotquot
615 2983 717 3026 snmus
740 2985 814 3044 qnos
836 2966 985 3044 religionis
1008 2974 1038 3026 et
1059 2968 1126 3028 ndei
1156 2983 1242 3027 casus
1271 2971 1441 3042 permoret;
1471 2966 1590 3041 impu-s

270 3073 365 3127 stores
389 3084 455 3126 vero
478 3066 549 3125 istos
570 3068 681 3127 mundo
705 3069 856 3146 erigamus
878 3075 907 3128 et
929 3068 1043 3130 abiecto
1065 3070 1146 3145 gravi
1174 3087 1209 3130 ac
1236 3065 1416 3145 importabili
1443 3066 1562 3142 iugoin

201 3174 259 3223 §.tt
268 3166 435 3227 libertatem
458 3185 512 3227 nos
534 3187 602 3229 rere
625 3167 818 3230 Christianam
847 3170 1026 3230 adseramos.
1073 3170 1127 3231 Ubi
1155 3169 1232 3230 bene
1259 3168 1346 3229 iubeo
1373 3185 1500 3245 sperare
1522 3175 1562 3226 te:
1592 3179 1601 3195 ·

267 3286 336 3328 narn
358 3276 391 3328 nt
413 3267 556 3347 intelllgas
577 3287 636 3329 non
659 3264 776 3348 penitu's
797 3269 951 3332 infeliciter
974 3273 1068 3350 egisse
1090 3273 1203 3332 omneis
1225 3272 1274 3348 qui
1290 3268 1498 3330 sacerdotibus
1513 3269 1563 3328 ini·

269 3365 409 3446 lssgssfflt
431 3367 438 3435 Ι
461 3370 528 3431 miei
550 3371 686 3441 luerunt,
716 3393 732 3433 e
760 3372 858 3433 inultis
885 3391 976 3433 unum
1005 3373 1057 3435 tibi
1086 3391 1234 3452 propone,
1264 3371 1418 3431 lloienrnm
1442 3371 1563 3437 Ziscam,

269 3472 341 3530 tanti
371 3471 480 3531 tamdiu
509 3471 577 3532 belli
600 3480 701 3532 contra
724 3475 893 3535 sacerdotes
915 3475 1021 3535 ducem
1043 3475 1279 3535 linietissimum:
1308 3474 1355 3533 eui
1385 3472 1457 3551 quid
1481 3473 1589 3533 deesttt

269 3571 304 3631 ad
330 3581 561 3635 consummatam
584 3577 691 3635 summi
712 3576 899 3654 imperatoris
921 3575 1061 3655 gloriam?
1085 3594 1182 3637 nonne
1205 3576 1280 3636 bane
1303 3583 1369 3653 post
1390 3593 1424 3634 se
1447 3570 1585 3634 laudem

270 3673 390 3752 reliquit
411 3693 427 3734 a
451 3677 603 3754 tyrannide
625 3679 749 3754 patriam
773 3679 851 3755 quod
874 3677 1054 3747 liberaverit,
1078 3686 1138 3738 tota
1160 3677 1290 3737 lloiernia
1313 3676 1449 3736 bomines
1470 3674 1561 3743 nihili,

268 3776 382 3835 ociosos
404 3774 552 3838 saerissoos
574 3785 603 3838 et
625 3778 734 3839 inertes
756 3779 917 3840 monachos
939 3779 1075 3840 eiecerit?
1097 3780 1174 3840 bona
1197 3777 1314 3839 illorum
1336 3778 1444 3854 partim
1461 3794 1563 3837 eornm

270 3878 319 3955 qui
343 3876 528 3940 contulerant
555 3880 737 3950 haeredibus,
767 3882 874 3958 partim
898 3881 1071 3965 reipublicae
1099 3881 1298 3943 ‹ttsnibueritt
1326 3878 1469 3941 Romanis
1491 3879 1561 3938 inle-

201 3985 261 4035 tto.
272 3977 445 4056 stationibus
474 3987 503 4039 et
524 3981 696 4042 Pontificum
721 3983 831 4060 rapinis
852 3992 963 4044 terram
992 3981 1145 4044 clauserit?
1173 3980 1372 4044 miserabilem
1394 3982 1489 4041 sancti
1512 3980 1591 4039 bort

337 4162 358 4196 ¹⁹
370 4169 521 4231 praestygia
532 4171 555 4216 t.
596 4166 615 4198 ²¹
627 4169 763 4219 testandae
773 4171 832 4220 edd.
869 4167 1214 4232 ω10111111111110011011,
1231 4173 1328 4234 posteo
1337 4168 1425 4218 Zizlia
1437 4166 1562 4231 (Tzizka)

270 4248 446 4299 Hussitorum
465 4251 532 4313 dur,
553 4268 578 4300 o.
589 4251 660 4301 14111.
676 4258 738 4317 post
751 4254 911 4303 wenceslai
925 4257 999 4319 regis
1012 4261 1124 4306 mortem
1139 4256 1257 4304 rusticos
1270 4259 1410 4318 totumque
1423 4253 1563 4304 Bobemiae

272 4332 400 4398 populum
419 4340 516 4385 eontra
535 4335 686 4386 Germanos
705 4344 735 4387 ut
754 4337 817 4387 fidei
836 4338 1003 4388 Christianae
1022 4346 1213 4404 persecutores
1239 4338 1274 4387 ad
1299 4353 1376 4388 ormo
1399 4338 1562 4389 concitavit.

272 4418 381 4468 Similia
399 4419 432 4469 de
452 4420 537 4470 Zislra
559 4421 677 4471 babebis
695 4423 769 4472 iufra
788 4424 815 4472 in
833 4423 944 4489 dialogo
954 4424 1173 4475 Neukarstbans.
1191 4415 1233 4473 'In
1244 4422 1323 4473 Pauli
1334 4423 1427 4489 Longi
1442 4423 1562 4474 chronic.

271 4512 329 4570 (up.
343 4504 490 4555 Mencken.
505 4505 576 4555 Seri.
590 4521 644 4556 rer.
659 4508 750 4557 Germ.
763 4508 799 4557 lt.
813 4525 838 4572 p.
852 4507 906 4572 ott.)
926 4508 1029 4573 legitur
1046 4510 1167 4571 „Eodem
1188 4524 1261 4559 anno
1280 4505 1377 4575 [tata]
1396 4509 1564 4560 Franciseus

272 4589 306 4640 de
326 4589 497 4655 Seehingm,
521 4592 691 4642 'teutonicus
716 4593 816 4643 Zischo
840 4598 869 4643 et
892 4594 1058 4644 fortissimus
1076 4595 1236 4645 Lntberone
1260 4599 1338 4646 seete
1360 4593 1494 4645 defensor
1516 4610 1565 4660 per

272 4680 329 4724 tres
347 4675 488 4740 principes
554 4677 582 4726 in
600 4693 648 4727 suo
668 4682 760 4728 eastra
777 4678 894 4729 Naustal
914 4675 939 4742 [t.
953 4677 1079 4745 Naustal]
1099 4681 1227 4731 obsessus
1293 4680 1438 4732 ceciderat
1456 4682 1502 4730 ...”
