3276 5414
598 1256 892 1332 PRAEDONES

512 1410 697 1473 IllilLOGl'S
734 1410 978 1473 HVTTENICVS.

181 1685 183 1689 ,
247 1629 498 1708 lulerloquutores
517 1638 725 1702 HVTTENVS,
742 1638 944 1692 MEROATOR
962 1640 991 1692 et
1011 1639 1243 1690 FRANclSCvS.

163 1819 337 1860 iuremus.
376 1800 488 1860 Sinon
512 1799 588 1860 lianc-
612 1800 662 1861 tibi
685 1819 740 1880 ego
762 1800 916 1862 scelestam
940 1819 1146 1883 compressere
1161 1799 1305 1881 linguam,
1329 1815 1445 1865 matt.

77 1900 194 1980 ⁵liguo,
218 1900 369 1962 maledico.

163 2024 339 2065 uuuenron.
377 2004 431 2065 llic
453 2005 572 2084 quidem
595 2023 654 2064 nou
677 2005 767 2066 facies
788 2005 845 2065 rim
875 2005 962 2075 milri,
991 2007 1020 2065 in
1048 2003 1140 2066 libera
1164 2004 1298 2075 Ciuitate,
1327 2003 1392 2065 loco

100 2106 186 2165 eliam
209 2124 303 2165 sacro.

164 2228 336 2269 iivrrsuvs.
360 2207 414 2269 llic
436 2226 511 2277 noir,
536 2215 568 2267 ut
590 2209 645 2276 als,
675 2207 726 2269 secl
750 2226 927 2286 quocunqne
949 2209 1029 2268 foras
1051 2209 1156 2288 pedem
1178 2207 1296 2269 tuleris:
1325 2226 1393 2269 uam

101 2309 171 2388 quid
189 2307 368 2370 calumniare
385 2309 478 2370 bonos
500 2310 594 2377 viros,
618 2309 708 2369 homo
723 2310 859 2387 nequiter
875 2310 1027 2389 petulans,
1051 2311 1187 2379 furcifer,
1204 2309 1289 2379 latro,
1305 2309 1394 2389 quidl

70 2425 93 2463 ¹⁰
166 2430 343 2472 urrneu'ron.
381 2412 521 2483 Quiesce,
544 2410 732 2490 praeclouulc,
756 2418 843 2490 atque
866 2412 913 2471 nie
935 2412 1103 2472 memineris
1118 2412 1227 2473 solutas
1243 2414 1394 2473 continere

100 2531 220 2581 orarius,
245 2515 273 2572 ni
297 2512 364 2572 aliut
388 2515 497 2573 vinctas
520 2514 584 2591 cogi
607 2513 734 2574 marelis,

165 2634 337 2675 uvmrmvs.
375 2614 419 2674 Tu
443 2633 547 2674 manns
569 2615 676 2675 vincies
699 2614 787 2682 milri,
816 2601 878 2684 nii,
907 2613 1064 2685 scelerate,
1093 2606 1144 2676 arft
1173 2614 1281 2696 aliquid
1305 2633 1394 2694 coges
1403 2624 1448 2676 §.²-

102 2717 198 2776 lacere
221 2735 268 2776 me
291 2716 368 2795 quotl
391 2714 499 2776 nolim?

164 2837 340 2879 nonomen.
379 2817 489 2879 Facere
517 2817 636 2897 quidem
661 2816 731 2878 nihil
763 2834 881 2896 cogam,
911 2836 1027 2880 cessare
1049 2825 1148 2880 antem
1171 2837 1273 2897 cogam
1297 2820 1394 2880 statim

70 2920 159 2978 uiam
183 2917 279 2978 delato
301 2920 336 2979 acl
360 2918 442 2980 urbis
465 2919 638 2999 praefectum
661 2927 711 2979 tuo
734 2921 867 2981 nomine:
898 2920 965 2981 uam
989 2918 1059 2998 quicl
1083 2921 1139 2980 viru
1162 2921 1283 2980 minaris
1304 2921 1395 2981 mihil

165 3040 339 3090 messuro.
379 3021 458 3081 Sciet
484 3021 612 3081 munclus
642 3028 670 3080 et
698 3027 729 3081 tu
759 3022 827 3101 quicl
857 3020 936 3099 loqui
966 3030 1071 3100 elego
1095 3023 1191 3084 facere
1215 3022 1284 3100 quid
1307 3041 1395 3083 ausus

102 3123 223 3182 luerim:
247 3122 379 3200 direptus
403 3123 479 3183 euim
503 3140 632 3200 uuquam
656 3142 671 3182 a
695 3141 741 3182 me
765 3142 796 3183 es
818 3125 867 3183 tul
890 3130 939 3183 aut
961 3122 1046 3184 alicui
1062 3123 1187 3194 homiui,
1212 3123 1394 3205 quiquidem

103 3226 175 3284 rival
198 3243 277 3284 nuuc
300 3224 400 3284 autin
425 3225 479 3284 rita
503 3223 659 3302 aliqnando
682 3224 784 3294 luerit,
808 3242 894 3285 suum
917 3244 972 3303 ego
995 3226 1096 3304 rapui?

165 3346 341 3387 uenenron.
379 3328 415 3386 nt
436 3327 534 3405 rapies
556 3324 641 3385 olim:
666 3327 703 3386 ita
727 3324 793 3386 uovi
816 3344 915 3386 mores
937 3326 1085 3406 Equitum.
1253 3324 1450 3413 1‡?,¹¹,‘,²f,2„„l·³·

68 3451 94 3488 n
166 3447 339 3489 uv'msuvs.
377 3425 663 3496 lllaleroleutissime,
686 3428 728 3487 sic
751 3429 844 3504 patiar
867 3426 1000 3488 maledici
1023 3435 1133 3489 temere
1157 3428 1209 3489 abs
1232 3436 1260 3488 te
1282 3429 1371 3490 mihil

166 3549 343 3590 uouenron.
383 3527 453 3588 Dico
477 3529 562 3589 etiam
586 3547 681 3597 nuuc,
712 3547 727 3589 a
751 3535 848 3589 restro
872 3528 974 3590 ordine
996 3528 1110 3590 turbari
1135 3530 1338 3600 Germaniam,
1367 3538 1397 3591 et

103 3651 138 3691 ex
154 3630 250 3698 solim,
276 3631 361 3690 etiam
377 3629 463 3698 soliS,
487 3631 643 3709 praedones
658 3649 722 3691 esse
739 3631 788 3709 qui
804 3631 863 3690 rias
879 3629 1048 3700 obsideant,
1072 3633 1243 3692 itinerantes
1258 3631 1397 3692 infestent

103 3752 136 3791 ac
165 3731 282 3811 publice
312 3732 420 3810 passim
452 3731 680 3810 ingrossentur,
710 3751 806 3810 neque
828 3739 856 3792 te
880 3732 1006 3802 exclusi,
1036 3751 1122 3811 quem
1152 3733 1236 3793 rideo
1265 3733 1395 3810 equestri

104 3834 256 3912 praeditum
281 3840 312 3893 ut.
335 3851 504 3911 quenquam
526 3835 633 3894 auimo.
679 3835 765 3894 huius
788 3852 859 3912 ergo
881 3834 1059 3913 dirumperis
1080 3834 1252 3895 confestim?
1274 3854 1283 3920 q
1304 3831 1396 3910 fm‘

67 3963 94 3999 :n
168 3954 340 3997 imoensis.
379 3935 441 4011 Ego
464 3934 582 4012 quidem
606 3953 664 3995 uon
688 3935 858 4015 dirumpor,
882 3935 934 3996 scil
949 3944 979 3997 tc
994 3954 1146 4015 rumpam,
1170 3937 1195 3996 si
1216 3937 1324 4005 vixero,
1341 3947 1452 4014 prott.

102 4044 151 4096 tua
175 4037 228 4096 ista
250 4036 426 4115 petulantia,
457 4039 506 4115 qui
535 4036 573 4097 ob
602 4039 690 4099 unius
712 4044 762 4098 aut
783 4056 945 4116 palmorum
969 4037 1064 4099 scelus
1088 4037 1297 4098 coutumeliam
1325 4038 1397 4098 facis

103 4138 198 4198 oriliui
222 4136 384 4198 clarissimo
407 4141 473 4208 toti,
504 4157 600 4216 neque
622 4139 691 4199 satis
713 4139 805 4200 habes
834 4141 917 4218 queri
945 4140 982 4200 de
1009 4140 1044 4198 iis
1072 4140 1147 4218 siqui
1178 4140 1317 4200 damnum
1347 4140 1397 4199 ‹le-

103 4239 211 4299 cleruut
232 4246 282 4298 aut
303 4239 413 4300 malum
436 4240 504 4310 tibi,
536 4241 564 4300 iu
592 4241 759 4301 uuiversum
791 4242 954 4319 pruseimlis
977 4242 1063 4301 etiam
1087 4258 1145 4300 uon
1169 4241 1245 4302 male
1268 4242 1397 4309 meritos,

103 4341 148 4400 nis
172 4343 317 4402 mentiens
340 4342 395 4411 ini,
426 4350 454 4402 ct
482 4343 548 4421 quia
579 4361 614 4402 ex
637 4342 706 4401 solis
729 4343 882 4421 Equitilius
905 4343 1060 4422 praedones
1083 4360 1143 4401 uon
1166 4348 1248 4411 suut,
1280 4349 1308 4401 et
1330 4343 1396 4421 quia

68 4462 164 4504 serron
187 4461 289 4503 omues
311 4444 480 4521 prauumue
504 4443 631 4522 Equites.

172 4695 183 4728 ⁴
201 4697 243 4747 cf.
261 4698 351 4748 l‘lout.
366 4696 441 4746 Glor.
457 4694 572 4758 11.tt,cs.
625 4697 635 4727 ⁹
655 4693 796 4746 colnniare
817 4700 839 4745 1.
