3276 5414
647 1078 815 1159 'ricius
858 1036 1121 1159 italiana

623 1213 678 1281 Qut
701 1211 775 1273 liber
799 1212 920 1273 Vadisco
943 1212 1136 1274 adscribitur:

461 1332 554 1391 (luctis
578 1349 645 1392 rero
668 1336 775 1391 notum
795 1338 854 1401 ost,
883 1332 948 1409 quis
971 1331 1059 1391 luerit
1080 1330 1127 1391 illo
1150 1330 1299 1391 Vadiscns.

184 1505 297 1571 (l)l'ria
320 1504 395 1560 nrlris
418 1505 509 1561 Itomae
530 1503 690 1577 dignitatem
715 1512 839 1559 tuentur:
864 1504 1015 1560 authoritas
1038 1503 1188 1578 pontificis,
1218 1504 1341 1577 reliquiae
1362 1513 1525 1568 satiatorum.

320 1597 347 1644 et
370 1606 444 1644 merx
467 1588 704 1661 indulgentiarum.
730 1583 774 1664 [l]

234 1673 296 1729 l'ria
319 1674 402 1730 lloma
424 1681 615 1746 reportantur:
644 1674 787 1747 depravata
816 1674 996 1737 couscientia,
1024 1680 1172 1747 corruptus
1200 1674 1369 1737 stomachus,
1398 1683 1425 1731 et
1453 1677 1525 1732 vacrd

319 1757 410 1814 loculi.
434 1752 478 1834 [t]

234 1844 296 1901 Tria
320 1843 433 1899 maxime
455 1843 638 1899 conservanda
654 1842 737 1899 Roma
759 1842 902 1899 interficit:
925 1843 1024 1900 bonam
1040 1843 1248 1906 conscientiam,
1272 1843 1415 1917 religionis
1431 1844 1526 1906 zelum,

320 1936 347 1983 et
368 1927 570 1990 iusiuramlurn;
598 1927 658 1982 ideo
681 1927 817 2000 fugienda.

157 2032 162 2041 ·
236 2012 299 2069 'Iria
321 2013 343 2067 si
373 2020 633 2074 coriimemorantnr,
663 2011 746 2069 lloura
767 2012 887 2068 deridet:
910 2013 1042 2069 maiorum
1065 2012 1200 2086 exempla,
1230 2013 1415 2087 pontilicatum
1444 2016 1525 2077 Petri,
1537 2026 1558 2064 ro

320 2106 348 2151 et
370 2106 519 2153 extrennun
543 2096 679 2153 iudiciuin.

184 2188 222 2249 (5)
235 2181 334 2237 Tribus
357 2181 438 2238 relius
461 2181 578 2237 abundat
600 2181 698 2237 llonn:
721 2182 944 2255 antiquitatibus,
968 2182 1093 2251 venenis,
1117 2191 1145 2237 et
1167 2181 1299 2237 vastitate.
1325 2177 1426 2258 [cat]

236 2266 298 2323 Tria
320 2266 382 2321 inde
405 2264 527 2322 exulant:
551 2265 725 2340 simplicitas,
749 2267 931 2329 continentia,
956 2277 983 2322 et
1007 2249 1177 2340 integritas.⁸

235 2350 302 2406 Tres
336 2358 400 2405 sunt
433 2350 613 2406 Romanorum
645 2352 846 2425 negotiatorum
880 2368 998 2409 merces:
1038 2351 1175 2413 Christus.
1211 2351 1376 2409 sacerdotia,
1410 2359 1438 2406 et
1472 2371 1528 2407 nair·

319 2433 409 2491 lieres.
433 2430 493 2511 [54]
1536 2448 1558 2487 ra

236 2521 298 2575 'l'ria
320 2519 414 2575 auditu
432 2520 523 2576 Itouna
546 2528 610 2575 sunt
632 2522 804 2594 gravissima:
828 2521 954 2595 generale
976 2521 1136 2587 concilium,
1159 2521 1310 2576 emendatio
1334 2527 1421 2576 status
1445 2521 1527 2577 ecele-

321 2604 439 2666 siastici,
463 2613 491 2661 et
514 2606 585 2678 quod
608 2604 733 2662 Germani
756 2606 851 2663 oculos
874 2606 1017 2681 recipiunt.
1042 2602 1105 2683 [u]

236 2706 401 2763 rursumque
430 2689 481 2745 tria
514 2689 640 2746 dolenter
668 2692 773 2747 lerunt:
808 2691 961 2766 principum
990 2690 1189 2758 Germanorum
1211 2691 1398 2753 concordiam,
1433 2691 1527 2766 populi

322 2773 544 2848 intelligentiam.
567 2783 595 2831 et
617 2777 689 2849 quod
712 2794 769 2833 suae
790 2776 899 2833 fraudes
922 2776 1101 2832 innotescant.
1125 2770 1188 2852 [⁴2]

181 2853 297 2919 ¹⁰lTria
320 2860 435 2915 marimo
459 2860 484 2914 in
508 2859 600 2934 precio
623 2860 714 2916 Itomae
742 2869 820 2917 sunt:
854 2868 980 2917 renrrstas
1009 2860 1166 2921 mulierum.
1200 2877 1332 2934 equorum
1361 2863 1559 2934 praestantiam

319 2953 347 3001 et
368 2944 515 3018 diplomata
539 2944 683 3017 pontilicis.
708 2939 753 3023 []

235 3028 297 3085 'l'ria
319 3038 383 3085 sunt
406 3029 434 3084 in
457 3047 507 3085 usu
531 3030 668 3103 frequenti
691 3026 797 3086 llom'ao:
820 3030 909 3087 earnis
931 3029 1072 3104 voluptas,
1095 3030 1210 3085 restium
1233 3028 1352 3090 luxuria.
1377 3039 1402 3085 et
1427 3031 1528 3087 anirno·

319 3131 378 3169 rum
401 3114 498 3173 Iustus..
521 3109 584 3191 [10]

235 3199 297 3254 I'ria
320 3199 422 3254 sariunt
445 3199 562 3255 otiantes
585 3199 691 3256 Itonia:
714 3199 903 3263 deambulare,
926 3200 1057 3263 scortari,
1080 3207 1108 3254 et
1129 3199 1249 3255 convivia
1272 3215 1361 3273 agere.
1387 3194 1451 3276 [17]

237 3282 298 3338 Tria
320 3292 384 3339 suut
408 3283 444 3339 iti
466 3301 617 3357 pauperum
640 3283 768 3340 olisonia:
792 3284 867 3347 olus,
890 3302 978 3360 eaepe,
1001 3294 1029 3342 et
1052 3283 1152 3340 allium.
1176 3278 1239 3360 [18]

235 3384 266 3424 ac
288 3368 339 3423 tria
363 3367 543 3441 locupletum:
567 3369 652 3424 sudor
673 3387 839 3444 pauperum.
863 3371 966 3432 usurae.
997 3378 1023 3425 et
1047 3368 1135 3443 spolia
1157 3369 1301 3424 Christiani
1326 3368 1429 3442 populi.

167 3450 223 3515 (15)
236 3452 297 3507 I'ria
319 3451 476 3509 calamitosa
499 3462 618 3527 syrmata
639 3462 703 3528 post
731 3473 761 3510 se
790 3455 901 3511 tralmut
923 3453 1077 3511 Cardinales
1099 3454 1206 3509 llomae:
1236 3453 1399 3516 indumenti,
1432 3455 1528 3529 quilius

321 3536 459 3611 pulverem
482 3538 630 3594 excitantes
654 3539 854 3613 insequentium
879 3539 974 3596 oeulos
997 3546 1054 3595 tota
1076 3555 1270 3611 nonnunquam
1286 3538 1368 3594 llonm
1385 3539 1527 3601 infestant:

323 3622 465 3684 laniiliam.
490 3640 550 3697 quae
573 3640 604 3679 oa
628 3625 709 3679 meris
732 3624 911 3698 utplurimum
933 3622 1135 3697 grassatoribus
1157 3623 1208 3683 sit.
1232 3640 1264 3678 er
1279 3621 1438 3684 lenonibus,
1462 3624 1528 3679 sica·

318 3707 366 3763 riis
389 3716 417 3763 et
445 3708 593 3770 calamitis,
623 3726 655 3763 ex
683 3709 870 3782 proditoribus
896 3717 924 3765 et
952 3708 1083 3783 improbis
1110 3708 1256 3763 cortisanis
1278 3715 1325 3762 aut
1348 3707 1428 3763 aliter
1451 3708 1559 3780 [lagi-ao

261 3792 267 3805 ¹
320 3792 399 3848 tiosis
427 3811 456 3848 ac
480 3794 596 3867 pessime
625 3793 738 3849 moratis
761 3793 932 3856 lioniinilsns,
963 3802 991 3849 et
1017 3794 1202 3850 contaminato
1230 3810 1280 3866 per
1309 3792 1526 3866 omnia-grege;

322 3876 448 3949 vectigal.
484 3878 509 3933 id
533 3878 686 3934 enimcum
709 3877 746 3934 sit
769 3886 856 3934 totum
879 3896 910 3934 er
934 3877 1118 3939 fraudatione.
1151 3878 1245 3952 rapina
1268 3884 1296 3932 et
1325 3877 1414 3938 lueto,
1448 3895 1525 3951 quani

320 3960 480 4034 longissime
503 3978 611 4018 verrere
633 3980 694 4035 quae
718 3961 836 4036 attingat
859 3980 950 4019 secum
973 3962 1076 4023 onmia.
1100 3969 1127 4018 et
1152 3961 1259 4018 tralrere
1281 3962 1446 4035 contagione
1463 3979 1526 4035 qua·

318 4046 378 4101 datu
402 4046 490 4101 omnia
513 4047 606 4102 ricina.
632 4040 694 4123 [23]

299 4228 448 4279 ⁸Primum
472 4228 568 4278 damus
597 4228 648 4277 has
677 4228 781 4278 triades
812 4245 845 4279 ex
873 4228 965 4278 Wolfii
993 4228 1160 4279 lectionibus
1189 4227 1237 4291 (cf.
1261 4228 1321 4277 Ind.
1346 4227 1476 4293 bibliogr.
1500 4244 1524 4276 n.

231 4313 371 4375 XXVIII.)
399 4313 501 4362 Latine
529 4313 713 4378 conscriptas,
742 4318 772 4362 ut
797 4328 857 4378 qum
880 4314 992 4379 propius
1018 4314 1054 4363 ad
1075 4314 1193 4363 Hntteni
1216 4311 1357 4378 dialogum
1381 4313 1524 4363 accedunt.

232 4397 385 4448 adiciemus
404 4397 487 4446 ctiam
508 4396 672 4448 Germanice
693 4399 879 4463 conscriptas,
900 4400 1025 4462 quamvis
1043 4414 1097 4448 non
1116 4413 1209 4448 onines
1228 4414 1260 4447 ex
1277 4398 1402 4446 liuttena
1421 4399 1524 4448 desum·

231 4486 299 4547 plac,
325 4481 470 4532 sedcroto
488 4481 752 4532 dcberividcantur.
778 4482 889 4531 Numeri
908 4498 974 4547 qnos
992 4480 1134 4548 uncinisss
1154 4481 1275 4532 inclusos
1294 4481 1457 4532 addidimus.
1492 4481 1525 4531 ad

232 4566 414 4617 Germanicas
434 4566 552 4628 triades,
571 4571 602 4616 ut
618 4567 661 4617 his
681 4567 769 4618 additi
788 4567 822 4617 ad
835 4567 953 4618 Latinas
966 4568 1099 4617 tolerunt.
1161 4566 1182 4600 ¹⁸
1201 4564 1408 4633 Germanorum]
1428 4568 1524 4617 Roma·

231 4666 326 4701 norum
350 4652 429 4714 Wolf.
