3276 5414
193 347 267 419 366
436 361 484 412 xe
554 376 715 412 »anonae
784 364 1266 432 n1uoavsav112=1en.(nm.)

191 529 369 616 ἕψων
384 525 392 596 Ι
409 530 509 609 quales
524 530 612 591 bodie
627 531 739 591 suntin
756 531 914 600 Gernurda
928 532 1103 610 Principes,
1124 551 1226 595 snam
1243 555 1401 617 quernque
1414 546 1441 599 et
1452 541 1494 616 pri·

193 640 285 692 ratam
310 650 374 692 rem
396 632 571 711 plerumque
593 633 725 692 ridemus
747 635 911 710 respicere,
941 633 1094 712 publicum
1125 655 1208 697 sero
1239 657 1360 702 curare
1379 642 1495 720 paucas·

194 736 268 813 mos)
292 742 363 795 tunc
384 734 463 793 sines
485 734 597 794 iniussu
619 733 736 794 illomm
758 753 815 813 pro
837 737 975 815 equitate
996 754 1051 797 nos
1073 754 1207 816 quoque
1231 739 1433 820 depugnare?

255 854 434 896 nuceren-
471 833 554 895 Tunc
577 836 680 895 sinam.

254 955 455 998 minoresve.
493 935 529 996 Et
551 939 642 1015 siquis
655 944 692 996 te
715 937 825 1014 affligat
847 956 927 998 nunc
949 938 1070 1008 iniuria,
1093 958 1226 1020 murum
1250 951 1351 1022 putas
1374 946 1430 1006 rim
1449 964 1511 1006 eane

192 1035 247 1099 abs
268 1045 297 1099 te
319 1045 352 1097 ut
374 1036 546 1106 defendam,
569 1039 593 1098 si
615 1056 703 1099 nemo
725 1039 867 1117 Princeps
889 1039 988 1101 iubeat
1010 1041 1118 1100 etiami

124 1144 185 1195 §.tt
258 1159 436 1201 necarere
475 1138 551 1209 Ouid
573 1141 621 1201 nil
642 1159 768 1218 recprum.

255 1260 455 1302 rememora,
493 1240 580 1301 Vides
601 1243 689 1320 igitur
710 1261 798 1321 quana
820 1260 881 1302 non
904 1243 1057 1303 conveniat
1078 1242 1137 1304 boc
1160 1245 1313 1311 adimere
1337 1251 1435 1321 uobis,
1455 1270 1500 1331 qno

191 1341 255 1402 solo
277 1341 391 1403 nobiles
412 1360 529 1412 sumus,
553 1351 586 1404 ut
607 1345 635 1403 ri
656 1363 807 1405 armorum
829 1346 996 1422 equitum
1018 1353 1172 1414 tueamur;
1200 1354 1386 1426 praesertim
1402 1352 1446 1413 lex
1460 1372 1501 1413 no

192 1441 336 1527 wig]
360 1443 477 1504 bilitatis
500 1463 566 1505 curn
589 1446 627 1505 sit
648 1445 755 1507 auxilio
776 1445 874 1506 levare
889 1464 1063 1524 oppressos,
1085 1465 1176 1525 opem
1195 1450 1286 1513 serre
1305 1456 1441 1525 miseris,
1461 1456 1523 1515 ata

193 1544 281 1604 llictis
303 1563 494 1615 succurrere,
518 1563 680 1624 agnoscere
702 1547 872 1615 derelictos,
904 1547 1003 1608 ulcisci
1026 1549 1124 1626 iniqua
1146 1568 1345 1630 perpessos,
1376 1560 1502 1618 resistere

192 1645 351 1723 improbis,
380 1647 417 1707 ab
439 1639 604 1709 innocentia
626 1645 804 1728 propulsare
826 1649 901 1717 rim,
931 1652 1006 1711 tueri
1036 1649 1136 1710 viduas
1159 1659 1192 1712 et
1216 1655 1404 1734 orphanos,
1432 1667 1502 1720 ute

191 1749 359 1812 convictum
381 1750 497 1809 toties
488 1768 546 1810 ram
569 1769 678 1828 negare
701 1749 779 1811 baud
802 1751 906 1830 possis.

256 1868 433 1911 necares.
471 1851 572 1931 Neque
595 1852 678 1913 ialde
699 1870 792 1930 nego,
823 1860 852 1912 et
879 1860 946 1931 post
973 1852 1030 1913 bac
1057 1851 1193 1930 probabo
1219 1856 1280 1919 bac
1307 1858 1382 1939 lege
1404 1862 1501 1924 milen

195 1957 224 2013 et
245 1951 375 2012 indicere
398 1970 449 2012 vos
470 1951 563 2013 libere
585 1961 614 2015 et
636 1972 740 2032 gerere
762 1953 886 2014 lortiter
1508 1980 1521 2016 n

125 2061 185 2112 ito.
259 2073 458 2116 rnancrscvs.
496 2056 561 2126 Ouo
584 2057 677 2133 magis
699 2074 860 2132 ccrgrmsces
881 2057 1014 2136 iniquum
1037 2075 1102 2117 esse
1124 2062 1210 2117 tuum
1236 2060 1277 2122 de
1310 2068 1394 2126 meis
1423 2067 1501 2127 rebus

196 2154 352 2224 iudicium,
375 2158 399 2215 si
422 2156 523 2217 audias
538 2157 646 2236 quibus
660 2156 784 2218 testibus
798 2157 944 2219 bellorum
960 2176 1094 2218 meorum
1110 2176 1232 2219 caussas
1248 2164 1396 2240 probare
1411 2170 1497 2229 sciant

257 2278 433 2319 mascaron.
472 2258 508 2318 Ut
528 2260 603 2319 scias
625 2268 712 2338 atque
733 2258 792 2319 boc
806 2259 892 2319 etiam
909 2261 1081 2327 convincar,
1105 2267 1205 2321 tamen
1223 2265 1426 2346 principibus
1439 2269 1498 2330 snb·

194 2356 241 2434 5⁴⁸
208 2361 317 2445 η’ξβςῑ
283 2358 318 2393 '¹'
341 2368 347 2437 Ι
378 2377 442 2419 esse
472 2378 522 2427 vos
544 2360 629 2420 decet
651 2368 680 2421 et
702 2379 802 2421 rerum
825 2360 1056 2437 gubernacula
1049 2363 1083 2421 ris
1105 2362 1293 2435 concedere,
1331 2387 1436 2450 neque
1455 2389 1496 2450 pe

194 2462 272 2522 nitus
294 2463 332 2522 ita
355 2460 538 2522 confundere
560 2463 667 2523 omnia.
1501 2488 1519 2526 a

258 2582 458 2625 rsancrscvs.
497 2563 598 2643 Neque
630 2563 752 2625 subesse
785 2563 850 2624 loco
878 2562 933 2624 illis
961 2563 1170 2643 dedignamur,
1204 2573 1236 2626 et
1265 2573 1391 2634 servire
1420 2576 1495 2634 etiam

195 2663 354 2726 liberaliter
377 2683 547 2744 possumus,
577 2673 610 2725 ut
631 2665 732 2735 liberi,
765 2674 835 2727 tunc
862 2672 932 2743 puta
954 2684 1022 2727 cum
1044 2685 1099 2726 uos
1121 2665 1271 2744 aliquibus
1295 2670 1383 2733 ultro
1407 2676 1495 2736 derin-

194 2783 270 2820 cam.
293 2764 300 2835 Ι
324 2768 468 2828 serimus:
496 2785 564 2827 nam
587 2767 695 2846 alioqui
717 2785 808 2828 unum
831 2770 1017 2846 agnoscimus
1039 2768 1190 2829 dominum
1213 2769 1389 2844 Caesarem,
1422 2795 1494 2838 eum·

196 2885 253 2946 que
276 2885 413 2928 vocamus
429 2867 585 2929 Libertatis
608 2868 733 2947 publicae
755 2876 1008 2938 conservatorem,
1031 2869 1069 2929 ob
1092 2869 1120 2929 id
1144 2870 1221 2949 quod
1246 2872 1272 2930 si
1294 2875 1323 2933 is
1347 2895 1406 2955 per
1427 2880 1493 2938 iniu-

195 2969 270 3029 riam
293 2987 347 3029 nos
370 2971 517 3048 opprimat
538 2977 588 3031 aut
610 2979 711 3031 contra
735 2989 821 3049 quam
845 2990 962 3050 aequum
978 2978 1136 3050 estcugat,
1158 2988 1305 3048 negemus
1330 2980 1517 3055 parenduma

127 3068 285 3146 §.rufiffi'ssfl
310 3063 317 3134 l
340 3080 369 3133 et
390 3073 453 3150 ipsi.
500 3080 587 3153 atque
609 3073 642 3142 is,
667 3074 690 3132 si
713 3074 895 3151 perconteris
918 3072 954 3133 ab
978 3092 1013 3133 eo
1036 3091 1132 3142 nunc,
1155 3073 1234 3152 quod
1258 3075 1398 3140 ollieium
1413 3081 1492 3141 susti·

194 3179 276 3242 neat,
307 3191 365 3233 non
393 3174 482 3236 licere
510 3177 649 3236 iniustum
679 3176 827 3255 quidpiam
858 3177 1005 3253 imperare
1033 3174 1088 3235 sibi
1117 3183 1167 3235 aut
1196 3175 1366 3253 probibere
1390 3183 1491 3242 iustum

194 3275 345 3344 fatebitur:
369 3284 449 3337 tanto
472 3278 569 3338 minus
590 3277 720 3357 reliquos
742 3295 796 3356 per
818 3277 1005 3338 Germaniam
1028 3277 1192 3355 principes,
1216 3295 1351 3356 quorum
1375 3283 1406 3342 in
1427 3300 1491 3342 suos

194 3377 318 3456 quisque
340 3378 496 3457 imperium
520 3379 609 3441 babet
630 3379 787 3440 honestum
810 3386 839 3441 et
860 3377 997 3448 liberale,
1021 3379 1049 3439 id
1072 3395 1159 3455 posse
1181 3379 1370 3443 censendum
1393 3391 1444 3444 est

198 3493 200 3495 ·
258 3500 434 3543 mascaron.
474 3480 587 3541 Censeo
609 3499 668 3541 non
691 3499 787 3559 posse.
1495 3506 1515 3546 o

258 3602 430 3644 aversans.
468 3583 564 3662 dtque
592 3602 646 3663 ego
675 3583 775 3659 flagris
808 3601 914 3644 censeo
946 3583 1022 3644 banc
1054 3582 1092 3643 ob
1126 3600 1260 3643 caussam
1295 3592 1325 3644 te
1360 3589 1490 3647 conmin-

195 3681 333 3744 dendum.

259 3805 461 3849 raancrsevs.
502 3787 637 3848 Concede
660 3788 735 3847 istuc
759 3795 805 3855 tu,
829 3795 857 3848 et
879 3806 927 3848 me
949 3794 1050 3865 patere
1072 3805 1140 3847 curn
1162 3787 1220 3847 boc
1242 3804 1332 3865 agere
1354 3808 1445 3851 nunc.

258 3908 431 3951 nvrrsnvs.
471 3888 637 3950 Concedam
664 3894 693 3948 et
723 3891 831 3967 patiar:
862 3897 893 3949 tu
915 3907 986 3950 vero
1008 3907 1046 3948 ne
1068 3887 1241 3950 obliviscere
1263 3889 1336 3968 qnid
1359 3890 1411 3953 bic
1432 3911 1488 3952 me·

195 3995 295 4050 reatnr
317 3990 355 4050 ob
378 3991 612 4052 maledicentiam
635 3989 701 4068 plus
722 3991 812 4050 nimio
834 4009 1001 4069 procacem.
1494 4013 1514 4054 s

126 4098 185 4148 tt&
260 4112 458 4155 rnancrscvs.
496 4093 571 4154 Audi
593 4111 640 4152 me
663 4092 801 4172 amplius,
825 4091 985 4153 Mercator:
1009 4091 1085 4152 istud
1108 4109 1212 4153 censes
1227 4110 1285 4152 non
1302 4111 1393 4171 posse
1409 4095 1488 4156 Priu-

195 4193 290 4273 cipes,
313 4195 401 4271 igitur
424 4195 482 4256 hoc
503 4195 587 4256 dabis
609 4195 695 4255 etiam
718 4194 802 4262 mihi,
826 4193 962 4255 omnibus
985 4193 1082 4255 lacere
1105 4194 1184 4273 quod
1207 4211 1325 4272 aequom
1341 4203 1388 4256 cst
1403 4197 1488 4257 licere

193 4313 312 4375 semper
335 4304 364 4357 et
385 4297 510 4357 cuiusvis
533 4298 652 4358 iniussu.

257 4416 434 4459 arenearum
472 4399 583 4458 Licere.

256 4517 457 4561 cranemere.
496 4498 571 4568 Quid
594 4499 672 4560 aliud
695 4502 765 4560 lacis
795 4501 882 4576 igitur
910 4517 997 4578 quam
1026 4499 1106 4578 quod
1133 4498 1291 4577 pauloante
1319 4499 1511 4569 emeruistis

193 4602 221 4662 id
244 4602 299 4662 iam
324 4605 431 4678 negas?

255 4723 432 4766 nnsearos.
470 4701 581 4763 'lamen
604 4703 760 4781 predones
782 4710 851 4763 sunt
873 4704 902 4763 iu
924 4702 1079 4782 Equitibus
1101 4701 1185 4764 raldo
1206 4701 1300 4764 multi.
