3276 5414
296 354 369 427 528
727 384 844 421 DlALOGI
863 382 1152 422 PBEVDOEVTTRKIGI.

358 543 506 599 Canidia.
544 543 658 599 Varicus
678 542 833 600 lrircucervu
856 542 918 600 hnic
941 542 1117 599 insiderent
1143 541 1290 598 tiranihus
1314 558 1418 598 cornua
1440 550 1516 599 ιιιιιιι.

358 628 402 684 llu
411 628 501 684 heus.
540 631 573 682 dt
595 644 649 702 quo
672 635 751 722 pacto
774 625 941 703 χειροῦργος
963 635 1058 684 uester
1080 626 1286 703 portabitur?

359 713 505 769 Canidia.
543 713 598 769 h'isi
620 721 648 768 ct
672 713 729 787 ipsc
756 713 879 769 maninus
907 712 1015 770 caudam
1046 712 1278 787 apprehendat,
1313 729 1373 786 quo
1402 720 1473 787 pacto
1495 714 1561 767 ιιιιιιι
1603 728 1606 733 ’

359 798 503 853 lluhcus.
542 798 581 853 'ln
603 815 666 853 vero
690 799 826 871 quomodo
848 801 930 871 ages?
1206 842 1208 849 .
1484 792 1563 874 [gana

227 897 285 946 ι..ιι
359 882 509 939 Canidia.
546 882 654 939 llircino
670 882 793 939 iusideho
814 882 896 957 captiti
919 901 948 939 ac
970 891 1097 957 utiquam
1122 883 1200 957 Argi
1225 880 1414 957 gubernator
1434 882 1574 938 hestiaeus

293 967 425 1030 dcr·;alror
456 976 484 1022 ιιι
508 968 592 1041 igitur
615 967 756 1030 insccude,
788 977 815 1024 tu
839 985 902 1023 vcro
932 967 1053 1023 manilius
1084 974 1136 1023 aiut
1170 968 1198 1024 si
1230 968 1330 1025 mavis
1359 968 1481 1024 dentihas
1497 968 1564 1023 ouh

197 1082 200 1093 ·
293 1053 429 1110 mordicus
451 1055 556 1127 arripe:
587 1061 693 1126 tempus
721 1053 791 1108 enim
821 1052 921 1108 lahitur
947 1052 981 1108 ιι
1003 1052 1054 1108 ιιιιι
1084 1069 1130 1107 me
1158 1052 1255 1109 herus
1281 1061 1428 1128 expectat.
1468 1052 1509 1108 Sed
1525 1052 1566 1107 he

294 1137 366 1212 spraud
389 1155 457 1211 pene
480 1137 563 1193 uldila
586 1138 700 1198 lucrant,
724 1155 777 1193 non
800 1155 877 1194 secus
900 1154 979 1211 quiam
1002 1137 1028 1192 in
1050 1137 1202 1211 mysteriis
1228 1136 1388 1195 silentium
1404 1137 1568 1197 tenebitis!

294 1240 341 1276 ros
363 1221 455 1296 aliquo
478 1222 557 1278 modo
580 1222 737 1295 signabitis,
761 1230 808 1278 aut
828 1223 971 1278 confestim
996 1223 1022 1277 in
1043 1221 1104 1278 Orci
1129 1221 1235 1279 culum
1265 1223 1414 1281 incidetis.

359 1307 504 1363 lluhcus.
543 1300 571 1374 ἐς
594 1297 779 1381 κυνόσαργις.

358 1391 506 1448 Canidia.
544 1392 593 1448 Sed
616 1392 737 1466 nunquid
760 1393 811 1448 iarn
834 1393 918 1465 parati
941 1393 1025 1467 estis?

227 1489 284 1538 §.aa
357 1477 507 1533 llubeus.
544 1477 642 1532 Parati.

358 1562 505 1617 Canidia.
544 1561 636 1617 Videte
652 1580 731 1635 crgo,
756 1580 815 1635 qum
831 1579 874 1618 res
890 1561 958 1618 male
973 1560 1048 1617 vohis
1070 1568 1174 1621 vertat,
1202 1571 1235 1617 ιιι
1263 1562 1575 1619 ιιιιιιιιΙοιιιιιιιιιιιιιιι

294 1646 368 1707 sitis,
392 1664 441 1704 nec
457 1647 598 1721 quisquam
615 1655 732 1704 restrum
748 1647 852 1703 hiscere
867 1647 971 1703 audeat
1015 1661 1191 1708 svnnnavr,
1217 1662 1438 1707 nanusucou
1460 1663 1575 1704 annom

358 1732 500 1788 llubcus.
537 1732 622 1793 Proh,
645 1732 734 1788 vernis
758 1732 890 1789 tantunl'
884 1749 911 1787 m
933 1731 1016 1788 altum
1037 1730 1197 1807 evehimur?
1491 1726 1589 1808 [erma

357 1818 506 1873 Canidia
546 1816 659 1911 Egregie
681 1818 804 1874 mandata
826 1834 930 1878 serias,
953 1824 981 1872 et
1004 1817 1054 1872 nisi
1077 1815 1170 1872 herbis
1196 1815 1243 1871 his
1271 1817 1432 1874 medicatis
1454 1816 1576 1873 sinistred

296 1910 321 1957 te
344 1903 483 1976 suspicans
511 1902 627 1958 vervecis
654 1920 733 1958 aures
762 1901 1006 1965 obstruxissenu
999 1901 1102 1958 iamiam
1123 1899 1250 1956 Ccrlicro
1285 1901 1431 1976 pahulum
1460 1902 1577 1977 paelices

296 2004 366 2042 nunc
388 2005 451 2044 vcro
475 1996 563 2043 tacere
586 1986 652 2043 nihil
674 1988 784 2049 attinet,
808 1990 854 2043 sed
877 1987 961 2043 lihcre
983 2003 1069 2060 nugas
1091 1992 1206 2058 nugare.

359 2072 502 2145 lluheus.
540 2073 625 2135 l'roh,
650 2072 721 2129 intus
744 2089 841 2167 paveo,
865 2072 933 2127 furis
955 2081 1044 2128 autem
1067 2070 1194 2127 formido

358 2158 482 2213 Chirur
489 2175 560 2230 gns.
597 2156 660 2213 Plus
682 2175 748 2231 ego,
772 2157 817 2231 ιμιι
841 2157 912 2213 inter
933 2154 1030 2214 coelum
1052 2164 1080 2213 ct
1101 2155 1232 2213 alivssum
1248 2128 1405 2231 pendulus
1423 2158 1505 2217 feror.
1525 2172 1591 2230 nune

298 2243 378 2297 timeo
401 2243 497 2305 miser,
520 2259 553 2298 ne
577 2250 703 2316 tanquam
724 2241 799 2298 llclle
822 2241 867 2297 illa
890 2240 979 2299 locum
1001 2240 1115 2316 aliquem
1138 2256 1198 2296 mca
1222 2239 1317 2297 clade·
1335 2241 1495 2299 nobilitcm.

359 2326 508 2382 Canidia.
545 2325 666 2384 Cloacam
689 2327 823 2383 fortassis.

229 2433 286 2485 ιιι,
360 2411 499 2467 llulicus.
537 2412 596 2472 Eia,
620 2421 705 2469 tnatci·
727 2430 797 2476 mea,
820 2429 869 2468 cur
891 2411 1028 2468 barbarica
1050 2409 1129 2468 rerba
1153 2407 1198 2465 illa
1223 2410 1395 2469 intonasti?
1419 2430 1486 2469 num
1508 2413 1579 2468 hisre

296 2505 356 2553 ctor
377 2505 471 2553 noster
493 2496 659 2572 impellitur?

359 2582 509 2644 Canidia.
547 2582 627 2639 Recte
649 2582 769 2656 quidem,
793 2600 852 2638 nani
875 2582 906 2638 ad
923 2581 1031 2638 illorum
1046 2582 1142 2638 sonaim
1159 2578 1294 2654 Erinnys,
1324 2581 1453 2656 hlcgaern
1470 2592 1497 2640 ct
1511 2582 1595 2639 illectos

295 2686 356 2724 cum
372 2667 461 2724 Furiis
482 2677 510 2723 et
533 2669 658 2724 universo
681 2667 806 2724 infernali
829 2668 989 2723 conveniunt
1011 2676 1096 2728 cautu,
1120 2683 1149 2721 ac
1171 2674 1318 2721 vectorem
1346 2678 1483 2724 nostrum
1504 2668 1580 2743 pariter

296 2752 444 2809 stimulant.
489 2748 570 2826 quud*
583 2753 605 2808 si
629 2752 737 2809 illorum
760 2752 811 2808 vim
835 2760 934 2808 tantam
957 2752 1110 2826 perdiscere
1133 2749 1223 2824 cupis,
1248 2750 1313 2806 vice
1340 2770 1428 2809 uersa
1452 2753 1489 2810 ah
1504 2753 1581 2810 altius

296 2838 387 2912 legere
411 2837 521 2912 incipias
544 2837 697 2898 clementis,
721 2845 748 2893 ct
770 2838 834 2910 quiid
856 2837 906 2894 sihi
929 2838 987 2894 haec
1010 2835 1107 2898 velint,
1130 2834 1277 2907 confestim
1304 2835 1470 2912 intelliges.

358 2923 501 2979 lluhcus.
538 2922 611 2978 llaud
633 2922 696 2977 dum
719 2923 839 2997 percipio
862 2923 924 2996 quid
946 2923 1027 2979 dicas.

359 3008 507 3064 Canidia.
545 3006 586 3062 ll'il
609 3007 718 3069 mirum,
742 3025 802 3064 cum
825 3008 918 3081 ipitnvis
941 3024 1005 3064 saxo
1028 3004 1154 3062 stolidior
1174 3003 1286 3061 cristas.
1589 3022 1601 3055 ι

229 3115 287 3164 ιιι,
360 3093 504 3149 Ruhcus.
542 3092 592 3148 Sed
616 3093 697 3166 virgis
719 3093 809 3148 cador
832 3093 928 3155 miser,
951 3100 979 3147 ct
1002 3092 1052 3147 iam
1074 3107 1153 3147 crura
1175 3090 1312 3162 sanguine
1339 3092 1469 3149 stillant.

359 3178 509 3233 Canidia.
548 3176 721 3233 Elleborosus
743 3194 786 3239 cs,
809 3177 936 3234 arhorum
959 3174 1293 3248 sententiarumque!
1319 3178 1349 3232 si
1375 3178 1482 3253 caligis
1498 3178 1587 3236 ohterta

297 3263 343 3318 tihi
367 3272 458 3318 essent
479 3279 572 3324 crura.
596 3262 665 3318 haud
689 3262 725 3317 ita
747 3262 862 3318 doleres.

359 3348 503 3403 fluheus.
542 3348 687 3404 luduisscm
710 3346 782 3409 illas,
806 3347 857 3402 nisi
881 3355 909 3402 tu
928 3347 965 3402 ita
988 3346 1198 3404 accelerasses.’

358 3433 557 3506 Chirurgus.
591 3419 666 3508 Ἐγὼ
680 3425 712 3488 δὲ
726 3427 917 3505 κακοδαίμων
939 3431 974 3488 ιιι
995 3441 1121 3487 extreman
1137 3429 1241 3485 latrinae
1259 3428 1400 3488 faetorem
1419 3441 1531 3491 tantum
1544 3445 1607 3489 noar

295 3512 493 3592 λειπιιιιυμέω,
516 3527 543 3573 ct
566 3518 705 3575 arlmoduin
729 3535 836 3578 uereor,
861 3535 894 3573 ne
915 3517 1025 3574 caudam
1041 3516 1163 3572 maurilius
1178 3514 1318 3570 dimittere
1343 3533 1454 3591 cogar
1483 3522 1520 3576 ita
1542 3535 1589 3574 eie

296 3604 393 3661 crunda
415 3612 442 3658 ct
466 3611 540 3658 tauto
563 3620 657 3677 pressa
679 3603 798 3696 pondere
821 3602 891 3658 olida
914 3601 972 3658 hacc
994 3601 1077 3658 hestia
1100 3600 1206 3657 assidue
1228 3598 1333 3673 pedere
1360 3619 1423 3659 non
1448 3614 1548 3661 cessat.

71 3731 74 3735 -
227 3708 284 3759 §.ss
358 3688 503 3745 Rubcus.
540 3687 663 3750 Falleris,
687 3674 792 3763 ἔγω
756 3706 813 3763 γαρ
827 3680 975 3761 ἐγκέχοδα

359 3774 558 3846 Chirurgus
596 3772 664 3841 Quid
686 3773 741 3836 ais,
764 3772 893 3834 sceleste,
917 3781 947 3828 ιιι
969 3790 1002 3829 ne
1024 3771 1140 3829 cacastil
1392 3768 1590 3849 [permerdans

359 3859 503 3915 hiiheus.
541 3858 573 3914 Et
599 3859 738 3917 concacavi
766 3875 888 3934 alnoque,
922 3875 977 3915 non
1003 3874 1081 3915 secus
1114 3872 1144 3913 ac
1172 3853 1372 3916 llochstratus.
1413 3859 1613 3935 indulgentias»

295 3975 494 3986 ...η-ι*

363 4044 384 4076 ¹⁰
402 4043 451 4092 ‘Ad
469 4041 660 4107 Cynosarges)
679 4041 806 4092 Herculis
825 4041 1004 4105 gymnasium,
1024 4038 1209 4100 Antisthenis,
1229 4034 1347 4099 Cynicas
1368 4046 1469 4092 sectae
1488 4042 1593 4109 capitis,

295 4128 389 4179 schola
409 4135 437 4177 ct
459 4128 506 4178 ubi
529 4127 615 4193 spurii
638 4143 668 4177 se
693 4127 872 4187 exercebant,
898 4126 944 4190 qui
967 4140 1054 4188 neque
1078 4127 1192 4188 paterno
1215 4134 1305 4185 neque
1330 4129 1474 4176 materno
1499 4140 1594 4193 genere

295 4215 370 4264 cives
388 4216 488 4262 essent.
508 4212 581 4262 Suid.
600 4212 625 4261 h.
640 4228 665 4263 ιι.
679 4212 844 4278 Diogenian.
858 4211 889 4259 V.
902 4208 943 4259 aa.
963 4208 1084 4275 Apostoll
1098 4209 1131 4258 X.
1144 4208 1186 4257 2².
1250 4203 1272 4237 ¹⁴
1290 4219 1456 4262 tranuntur
1476 4209 1539 4278 etc]
1557 4210 1594 4260 Cf.

294 4301 317 4359 ξ.
331 4297 372 4348 56,
409 4297 429 4329 ¹⁸
447 4312 510 4362 nug.
524 4294 563 4363 n]
584 4295 626 4346 Cf.
640 4295 727 4361 λῆρον
739 4297 834 4363 ληρεῖς
851 4295 904 4345 νοι.
917 4296 939 4344 l.
953 4311 978 4360 p.
996 4293 1050 4344 lat.
1064 4290 1201 4358 Aristoph.
1214 4289 1286 4340 Plut.
1300 4289 1364 4342 517.
1407 4293 1433 4326 ¹¹
1447 4296 1496 4349 cf,
1509 4296 1595 4349 plant.

294 4383 362 4434 (list.
376 4383 492 4445 tvans.
543 4378 566 4412 ²⁵
583 4383 630 4431 Er.
643 4382 715 4445 Meg.
729 4379 783 4447 nt]
797 4381 932 4445 Erinuyes
951 4395 972 4429 ιι.
987 4377 1161 4428 Eumenides.
1181 4366 1242 4425 Cf.
1256 4373 1353 4426 Plana.
1370 4376 1457 4430 Glor.
1473 4382 1523 4433 tv.
1537 4383 1594 4443 zat

293 4468 312 4500 ³¹
333 4465 426 4533 Helle]
446 4468 480 4518 de
494 4469 581 4518 stricte
595 4466 741 4531 (Neptuno)
761 4467 789 4514 in
807 4472 918 4531 pontum
931 4463 1046 4529 delapsa
1058 4463 1121 4512 hnic
1139 4475 1216 4511 sunm
1234 4474 1336 4509 nomen
1357 4461 1456 4515 dedit.
1514 4464 1538 4500 ³²
1555 4466 1596 4517 El·

293 4550 359 4617 lcb.]
378 4551 469 4602 Pluut.
483 4553 551 4602 llud.
565 4553 610 4601 tv.
624 4549 684 4612 3,ιιι.
720 4549 742 4582 ιι
761 4552 828 4616 ‘Ego
842 4555 933 4600 nartem
946 4549 1044 4599 miser!
1058 4551 1112 4597 dm.
1159 4544 1181 4576 ³⁶
1199 4541 1326 4609 taison]
1343 4545 1467 4600 ‘Animo
1480 4552 1597 4613 deficio!

293 4640 346 4689 i.m.
399 4635 421 4667 ⁸⁸
439 4633 580 4704 ειιιέχοδα.
600 4639 668 4701 ‘Ego
682 4635 753 4685 enim
767 4636 881 4686 cuceri!
894 4640 910 4685 t.
918 4651 948 4684 ιιι.
962 4636 1020 4684 edd.
1035 4623 1326 4698 fpsizotonnstopn.
1343 4631 1421 4684 Rau.
1437 4636 1506 4688 479.
1520 4637 1597 4702 (⁴82.)

293 4717 347 4764 ⁴²⁸⁴·
367 4719 506 4786 Hoclrstr.]
525 4723 562 4772 el.
575 4720 627 4773 vol.
641 4722 662 4771 1.
675 4737 700 4785 p.
713 4720 771 4770 ιιι.
786 4736 811 4771 ιι.
824 4720 865 4769 at.
879 4734 937 4784 sqq.
