3276 5414
252 402 259 411 ’
344 407 392 456 XI.
463 422 623 458 rancores.
693 424 833 460 oracoovs
853 389 1037 460 serrasicca.
1058 409 1140 473 (toto.)
1311 395 1383 467 397

158 593 331 635 nvrrnuvs
369 574 449 635 Bene
478 576 581 637 habet:
615 596 682 638 nam
713 578 842 638 odiosius
869 596 958 655 agere
990 580 1144 655 incipiunt;
1181 578 1385 640 hoc.tandem

95 676 282 754 perfecimus.

158 797 359 839 rememoro.
398 779 470 850 Quia
501 780 536 840 ad
560 780 730 841 Curtisanos
760 788 932 857 perventum
963 788 1022 851 est,
1052 781 1109 841 hoc
1137 787 1208 858 puto
1238 781 1384 857 agendum

92 879 158 948 tibi,
183 879 324 948 lluttene‚
349 887 381 939 ut
403 878 440 939 ab
462 882 544 940 initio
568 899 697 959 exponas
719 880 804 941 nobis
827 888 899 959 qrrot
915 888 945 941 et
960 883 1075 960 quantis
1089 882 1199 942 relerta
1214 881 1298 942 malis
1313 881 1385 943 urbs

67 980 184 1041 titonia
207 982 252 1040 sil.
1229 977 1236 1041 Ι
1259 1001 1307 1036 urm
1319 1003 1384 1038 nona.

155 1104 329 1147 moronus.
367 1083 496 1145 Numera
520 1092 549 1145 tu
573 1103 690 1164 quoque
713 1084 826 1152 stellas,
851 1092 880 1144 ct
902 1102 1022 1145 arenam
1044 1093 1179 1163 supputa.

155 1205 355 1248 serumsevs.
394 1185 505 1247 Tamen
527 1185 646 1265 aliquid
665 1185 712 1247 dic
739 1187 775 1247 de
798 1187 931 1264 principe
954 1189 1067 1248 civitate
1090 1187 1214 1266 pseudo·
1237 1187 1244 1255 Ι
1266 1185 1384 1272 ἷζξζξωνῑ·

91 1287 297 1365 episcoporum
320 1306 408 1348 nuuc.

155 1410 327 1452 nvrrcnvs.
366 1390 471 1450 Extant
486 1389 598 1468 [lialogi
614 1397 642 1450 et
664 1389 717 1450 alia
742 1408 758 1450 a
781 1409 827 1456 me
851 1390 879 1449 in
902 1391 978 1450 hanc
999 1408 1064 1451 rem
1085 1393 1263 1468 perscripta:
1287 1390 1383 1469 legite.

58 1497 83 1538 1⁰
156 1511 356 1554 remerscvs.
395 1492 485 1563 Quasi
507 1511 576 1552 reru
599 1491 755 1570 legendum
783 1494 841 1552 iarn
869 1494 921 1561 sit,
952 1500 981 1552 et
1002 1509 1061 1552 non
1084 1491 1265 1553 familiariter
1287 1495 1415 1571 potius‘

92 1590 349 1653 confabulandum.
407 1591 410 1597 ’

153 1713 327 1756 nvrrsuvs.
366 1695 467 1773 ltaque
490 1716 581 1757 unmn
604 1697 661 1757 hoc
683 1699 785 1757 scitote
808 1697 945 1773 primum,
970 1696 1125 1756 deterrima
1150 1693 1208 1764 etl
1231 1693 1451 1771 ffgpgfllssena.

92 1797 311 1871 perversissima
335 1816 400 1858 esse
415 1797 516 1857 llomae
532 1800 645 1867 omnia,
669 1807 698 1859 et
720 1797 798 1876 quod
822 1797 878 1857 dici
893 1796 984 1867 solet,
1007 1794 1115 1876 μηδὲν
1130 1787 1229 1874 ὑγιές.
1252 1798 1281 1856 id
1297 1797 1377 1875 qrcod

93 1914 128 1955 eo
151 1899 237 1957 etiam
263 1899 455 1976 perniciosius
478 1910 538 1968 est,
563 1900 640 1978 quod
665 1899 768 1960 urbem
792 1899 868 1959 hanc
890 1899 1063 1958 invenerunt
1085 1916 1172 1976 quam
1189 1897 1319 1958 ecclesiae
1335 1916 1382 1958 ca·

58 2004 145 2075 ttpnt
166 1998 368 2069 instituercnt;
392 2007 479 2078 atque
501 2001 540 2062 ibi
564 2009 722 2063 erexerunt
744 2000 899 2077 impudens
919 2000 974 2058 hoc
990 1997 1115 2068 idolum,
1138 1999 1308 2059 Pontificem
1324 1999 1383 2060 lla-

92 2099 211 2168 ximunr,
236 2102 282 2160 cui
298 2103 394 2162 ornnia
418 2111 642 2173 concesserunt,
666 2105 751 2164 etiam
776 2110 808 2163 ut
823 2103 913 2179 possit
929 2104 952 2160 si
968 2101 1035 2161 velit
1050 2108 1150 2161 contra
1173 2117 1180 2188 Ι
1196 2097 1384 2185 {gfgss'fficg'lflplffl

92 2199 198 2259 Clnisd
220 2201 383 2263 doctrinam
406 2204 522 2264 edicere
544 2203 668 2284 aliquid,
692 2213 723 2266 ut
739 2205 893 2265 edixerunt
907 2204 1049 2263 hactenus
1064 2202 1169 2269 multa,
1194 2209 1223 2261 ct
1237 2201 1274 2261 ab
1290 2201 1384 2261 Eran-

93 2301 167 2378 gelio
190 2302 342 2365 discedere
365 2313 625 2386 quantumcunque
647 2306 734 2384 longe
756 2307 885 2387 placeat,
915 2312 1005 2382 utque
1034 2305 1059 2364 ei
1087 2302 1173 2362 liceat
1200 2302 1319 2363 beatum
1342 2303 1383 2363 la·

93 2421 160 2463 ecre
183 2422 389 2484 quemcunque
412 2410 505 2468 risum
528 2409 629 2478 luerit,
653 2411 677 2468 si
699 2410 724 2468 is
747 2409 821 2467 rimt
842 2408 969 2486 pessime
992 2406 1093 2474 etiam,
1117 2411 1145 2464 et
1168 2404 1307 2465 damnare
1323 2405 1384 2465 ani-

62 2514 88 2554 ²⁰
98 2523 160 2564 mas
183 2525 285 2566 eornm
309 2510 358 2584 qui
381 2511 618 2571 innocentissime
648 2517 873 2577 conversantem
902 2508 1048 2577 breviter,
1077 2496 1109 2567 ut'
1137 2514 1250 2567 tantum
1278 2508 1368 2585 possit
1382 2519 1450 2570 §.roc

93 2603 234 2685 operantum
258 2612 426 2686 permittere
450 2611 504 2670 sibi
528 2613 648 2682 audeat,
673 2631 767 2690 neque
791 2613 817 2672 ci
840 2609 1063 2671 contradicere
1086 2607 1185 2674 liceat,
1209 2625 1247 2667 ne
1262 2606 1382 2668 obmur-

92 2726 211 2768 murare
234 2710 367 2788 quidem,
396 2731 491 2791 neque
520 2714 563 2773 ias
592 2716 628 2774 sit
655 2715 798 2792 derogare
827 2720 999 2791 potestatem
1031 2712 1058 2771 ei
1087 2716 1236 2787 utcunque
1259 2711 1334 2770 vivat
1356 2716 1385 2770 et

92 2809 304 2889 ‹praliscunque
326 2815 376 2881 sit,
406 2813 473 2874 licet
495 2814 625 2875 ecclesie
647 2816 778 2876 rideatur
802 2818 903 2875 etiam:
934 2832 1002 2873 nam
1025 2819 1054 2872 et
1076 2813 1131 2871 hoc
1153 2810 1194 2872 illi
1216 2810 1265 2870 dat
1287 2810 1384 2870 conci·

92 2910 163 2971 lium
178 2913 350 2981 Basiliense,
375 2922 403 2974 et
418 2915 577 2976 Ecclesiam
601 2917 730 2986 subiicit,
754 2936 789 2978 ac
810 2934 899 2995 supra
921 2916 1128 2977 authoritatem
1151 2931 1221 2973 con·
1244 2906 1250 2974 l
1274 2910 1384 2988 ξῗξῆξὲξξ,

55 3024 83 3063 ²5
94 3011 227 3074 ciliorum
251 3014 327 3075 illius
341 3020 500 3093 potentiam
517 3021 614 3080 ellert:
643 3037 709 3096 qum
725 3020 821 3079 oninia
837 3037 932 3097 neque
948 3019 1030 3077 iussit
1045 3016 1192 3083 christoe,
1215 3031 1312 3092 neque
1329 3014 1387 3074 lert

92 3117 212 3185 natura,
236 3124 268 3176 ut
288 3119 318 3176 in
342 3117 464 3179 alicuius
485 3120 651 3181 mortalium
675 3128 818 3200 potestate
841 3122 877 3179 sit
900 3120 969 3198 quid
992 3116 1165 3178 immortalis
1187 3117 1260 3176 deus
1283 3116 1382 3183 laciat;

92 3216 149 3277 lroc
172 3226 249 3278 esset
271 3219 358 3287 enim,
382 3222 405 3280 si
429 3241 496 3282 vera
519 3222 713 3300 praedicarent
736 3222 772 3282 de
795 3222 904 3290 scisti,
928 3239 996 3280 cum
1019 3220 1120 3281 dicunt
1142 3218 1290 3278 aChristo
1314 3235 1383 3277 con·

93 3336 207 3379 cessum
223 3320 293 3390 sibi,
318 3329 349 3381 ut
365 3341 419 3399 pro
435 3323 556 3384 arbitrio
572 3332 601 3384 et
615 3323 734 3384 libidine
749 3322 868 3399 alligent
891 3330 920 3383 et
942 3321 1100 3383 dissolvant
1114 3321 1162 3381 hic
1185 3323 1191 3394 Ι
1215 3317 1385 3395 ξβξξῗξζῃὲξωῑ

93 3421 171 3498 quod
194 3422 224 3480 in
248 3421 327 3483 ooelis
349 3424 426 3501 apud
449 3436 563 3503 patrem
586 3426 690 3492 deum,
715 3424 918 3503 qualecunque
942 3424 968 3483 id
993 3425 1045 3492 sit,
1069 3430 1165 3482 ratum
1188 3421 1320 3482 futurum
1335 3421 1380 3480 sit.

55 3528 83 3566 ³⁰
156 3544 334 3585 nonencort,
372 3525 425 3585 llic
447 3545 495 3587 me
516 3527 631 3588 discere
653 3525 705 3586 ahs
727 3533 756 3586 te
778 3526 917 3602 perdecet
939 3523 1063 3603 aliquid:
1091 3543 1150 3583 non
1174 3532 1217 3583 est
1239 3524 1295 3584 lmc
1317 3523 1451 3583 illiserat.

91 3642 108 3683 a
131 3625 246 3685 Christo
269 3632 465 3688 concessum?

141 3745 327 3791 ‘nvrruuvs
365 3729 542 3790 Concessum
567 3749 649 3799 rere,
672 3732 695 3790 si
719 3731 848 3808 perlecta
872 3730 900 3789 in
924 3730 965 3790 eis
988 3728 1114 3788 charitas
1129 3729 1179 3797 sit,
1203 3729 1255 3788 sed
1271 3734 1300 3787 et
1314 3734 1385 3787 tunc

92 3847 151 3889 non
174 3833 266 3909 niagis
288 3831 333 3891 his
356 3851 443 3910 quam
467 3839 516 3891 aut
538 3831 590 3892 tibi
613 3839 664 3892 aut
686 3833 756 3892 mihi
779 3838 829 3892 aut
851 3838 931 3892 recte
955 3831 1125 3891 Christianis
1147 3829 1294 3890 omnibus,

156 3952 332 3994 nonencort.
356 3934 447 4010 lgitur
461 3933 553 4009 ligare
566 3934 622 3994 hoc
635 3942 664 3994 et
677 3933 792 3995 solvere
806 3934 936 3994 omnium
954 3933 1062 4010 ubique
1078 3939 1122 3992 est
1134 3932 1383 3992 Christianorum?

55 4035 84 4076 ³⁵
158 4054 330 4096 rwrrusvs.
369 4030 530 4095 Universim
560 4037 706 4104 omnium,
742 4036 885 4114 siquidem
912 4034 985 4096 tales
1007 4035 1114 4104 simus,
1137 4041 1165 4094 et
1188 4035 1384 4112 cognitionem

93 4135 177 4213 plene
200 4136 361 4197 lrabeamus
383 4138 453 4214 quid
475 4135 623 4215 ligandum
647 4145 676 4198 et
697 4136 869 4199 solvendum
892 4139 1057 4198 necessario
1079 4138 1124 4195 sit.

156 4258 332 4300 neccaron.
369 4239 444 4310 Ouid
468 4238 559 4315 ligare
580 4240 668 4317 igitur
689 4247 718 4299 et
741 4240 809 4316 quid
833 4238 947 4301 solvere
969 4238 1102 4317 oportet?
1177 4235 1453 4321 iffffmffiffgll'itbt

155 4361 328 4403 rrvrrcms.
367 4340 487 4402 Vincula
514 4344 585 4419 puto‘
608 4349 806 4421 pec-catorum,
831 4361 889 4402 non
912 4341 1078 4402 divinarum
1100 4341 1315 4419 seripturarum
1337 4356 1384 4400 sa·

160 4535 287 4611 ὅἈμμον
304 4546 424 4610 pecoris.
437 4536 560 4609 Ἀστὲρας
578 4539 728 4609 ἅριθμεῖςξ
744 4546 910 4610 Diogenian.
926 4545 1042 4595 Vindob.
1056 4545 1078 4593 Ι.
1094 4544 1134 4594 15.
1178 4542 1189 4575 ⁹
1207 4543 1344 4593 Vediseus
1362 4557 1384 4592 s.

92 4628 174 4679 Trias
187 4631 310 4680 Romano
330 4638 358 4680 et
371 4633 597 4696 Conquestiones.
652 4629 672 4662 ¹³
690 4628 758 4694 μηδ.
772 4621 828 4695 dp]
847 4629 917 4679 nihil
935 4645 1040 4680 scuarin.
1093 4627 1145 4660 Μ
1163 4630 1226 4678 lert.
1240 4629 1347 4678 Natura
1360 4630 1384 4678 1.

91 4711 116 4746 ¹⁴
134 4729 211 4765 conc.
224 4713 300 4780 Bae]
319 4717 416 4773 Immo,
435 4717 572 4767 Huttenc:
591 4716 664 4781 petis
683 4715 858 4766 concordata
875 4715 1038 4780 principum.
1101 4712 1124 4746 ⁸²
1142 4713 1241 4764 natal.
1256 4713 1328 4764 XVI·
1343 4710 1384 4763 10.
