3276 5414
391 421 508 458 ursuour
529 422 635 457 serrsss
654 421 772 457 sssrsvs
791 422 917 457 ussurus.
953 404 996 472 [a]
1016 420 1151 487 canossa.
1370 389 1444 461 565

152 562 157 595 ¹
217 577 371 636 Carolus.
409 579 505 648 Quaru.
530 599 545 635 o
567 580 647 644 here,
671 581 723 636 uisi
745 581 858 638 sssasime
880 581 968 656 mam?
998 589 1136 655 receptum
1160 587 1187 637 te
1209 587 1306 654 putant
1330 581 1355 636 iu
1379 580 1446 635 lleo·

138 640 157 687 ·
217 663 488 735 idatius-ilianus.
525 666 608 722 Ludis
630 674 659 721 tu
683 665 800 739 quidem.
1246 659 1319 740 [rain
1342 664 1444 721 album.

115 722 155 771 '¹'
216 748 369 810 Carolus,
407 749 475 817 Quin
498 759 525 806 et
548 750 643 806 naeniis
665 759 693 805 et
714 749 812 824 elogiis
834 749 973 807 celebrant
996 759 1071 806 tuum
1094 748 1201 806 fatalem
1224 749 1303 805 diem.

112 815 155 863 '¹
215 832 482 891 llaxinsiliauus.
519 835 554 891 be
577 852 662 908 regno
685 835 835 908 veroquid
858 838 965 892 actum?
1452 851 1513 901 §.aa

112 891 154 951 ὴ
219 917 375 975 Carolus.
412 920 546 976 ambitum
568 937 583 976 a
606 918 751 977 Galliarum
783 937 861 993 rege,
895 929 942 977 tuo
968 918 1080 982 etauio,
1110 936 1201 976 verum
1228 919 1347 982 frustra,
1380 937 1446 976 sana
1471 906 1481 929 ⁸

151 1020 204 1078 spe
225 1001 303 1061 lusus
325 1003 406 1066 abiit,
429 1003 604 1063 acclamatum
625 1005 690 1061 milri
713 1024 727 1061 a
749 1004 845 1079 plaebe.

112 1078 152 1125 ¹¹
216 1087 482 1146 llasimiliauus.
520 1090 557 1146 lta
580 1091 638 1164 ipse
659 1090 845 1163 disposueram
861 1099 955 1147 exacto
969 1089 1085 1148 eosscilio
1101 1089 1277 1162 tagastensi.
1299 1089 1443 1163 Perrasagui

111 1166 228 1231 *huuc
249 1174 349 1234 refert.
372 1191 429 1248 quo
450 1174 536 1249 probe
559 1175 616 1232 linc
639 1176 736 1251 munia,
751 1175 931 1232 administres.

111 1258 149 1303 ΙΙ
217 1257 372 1315 Carolus.
409 1259 537 1316 Feliciter
558 1278 686 1334 prorsus.
709 1260 736 1316 ni
756 1259 917 1317 'obstiterint
937 1261 1007 1317 iata:
1032 1258 1117 1316 assultu
1138 1259 1171 1316 de
1194 1259 1243 1315 bae
1266 1276 1378 1316 recum
1401 1260 1442 1315 Si·

127 1331 229 1418 huma
250 1342 362 1399 collatio
385 1343 516 1418 speleum
538 1346 603 1401 milii
627 1353 783 1402 transeunte
806 1344 977 1419 sibyllinum.

111 1415 146 1475 Ι·
217 1427 485 1487 blaximilianus.
521 1432 557 1485 At
579 1431 665 1504 magis
688 1431 848 1504 praetiterit
868 1429 983 1487 consilio
1006 1438 1137 1486 tractasse
1153 1430 1310 1502 negocium
1333 1437 1361 1485 et
1376 1429 1510 1492 nobitas.
1597 1447 1609 1467 ⁴

111 1507 288 1588 *quondm
311 1504 395 1570 multa
416 1513 615 1588 pollicebantur
636 1514 783 1588 astrologi.
805 1524 887 1589 atque
910 1516 967 1590 ipse
989 1515 1100 1571 esloetus
1122 1513 1299 1588 astrologiam
1320 1515 1441 1588 comperi

152 1614 246 1655 serum
269 1616 328 1654 esse
351 1600 424 1673 quod
446 1600 673 1663 vaticinabantur,
701 1603 776 1674 atqui
805 1599 948 1657 consilium
972 1616 1026 1656 uon
1049 1599 1158 1657 adlsibui
1182 1606 1210 1654 et
1231 1617 1326 1673 parum
1349 1599 1441 1655 admo·

111 1682 219 1741 raam
240 1683 359 1757 proieci.
383 1701 471 1758 neque
494 1685 674 1741 obaudiebant
695 1685 848 1760 Principes:
873 1694 903 1741 tu
924 1703 956 1741 es
979 1676 1038 1741 meo
1062 1683 1184 1759 periculo
1206 1701 1277 1740 nune
1299 1684 1397 1758 sapito.

111 1786 144 1827 *s
219 1766 377 1825 Carolus,
410 1769 529 1826 Consilio
545 1779 572 1826 et
586 1771 729 1844 prudentia
744 1770 953 1844 dispensandum
969 1787 1029 1826 esse
1044 1770 1097 1825 ais:
1120 1770 1168 1825 sed
1183 1786 1312 1843 quorsum
1329 1771 1440 1843 quasso?
1451 1784 1511 1833 §.aa

110 1862 136 1913 §t
153 1851 305 1911 ammian
327 1870 373 1916 ue.
395 1871 429 1910 an
451 1854 622 1929 principum?

110 1944 136 2018 ᾖ
218 1935 484 2015 ldasimilianus
522 1940 579 1995 bon
603 1949 677 2004 veto.
701 1940 807 1997 satellem
831 1949 918 1996 tamen
942 1939 1064 2014 praelatis
1085 1939 1220 2014 aliquibus
1243 1936 1400 2011 Tbcologis.

110 2032 134 2085 *t
219 2022 376 2079 Carolus.
413 2025 485 2098 Pape
509 2024 679 2099 Tlseologos!
710 2025 757 2099 qui
786 2043 904 2100 unquam
933 2024 1072 2081 crudelius
1103 2023 1299 2119 immaniusque
1327 2024 1443 2097 impera·

152 2116 220 2167 rttttt
241 2125 321 2182 quam
344 2107 519 2184 pbilosopbi‘t
549 2110 612 2183 quid
635 2111 718 2166 llusis
740 2119 767 2166 et
790 2109 874 2167 saeris
895 2128 957 2167 eum
986 2111 1087 2167 mmisi
1115 2111 1224 2184 snpitm't
1253 2108 1375 2184 quidem,
1404 2109 1442 2165 ia·

115 2202 232 2261 fateor.
256 2211 286 2249 re
308 2201 397 2250 autem
420 2212 482 2250 sera
506 2195 587 2251 rudes
608 2204 681 2251 sunt.

110 2311 127 2350 Ι
216 2277 485 2335 llnaisniliauus
523 2280 633 2342 Critias,
657 2280 1042 2355 Aristonuslltbeuionesque
1064 2288 1146 2354 putam
1162 2279 1258 2336 velim?
1280 2297 1373 2337 serum
1389 2295 1443 2335 uon

152 2363 205 2419 lios
228 2363 411 2427 Scotorellos,
433 2364 603 2428 deernimus,
632 2365 794 2422 lllbertistas
817 2375 844 2422 et
867 2366 1019 2422 'llsomistas
1042 2366 1124 2441 cupio
1147 2365 1282 2427 adbiberi,
1306 2365 1353 2438 qui
1376 2381 1444 2438 prae·

153 2455 197 2504 ter
219 2447 317 2503 lalsum
339 2468 369 2504 aa:
392 2449 511 2507 tumtun
539 2449 648 2506 titulum
672 2449 738 2507 nibil
762 2468 879 2524 trisquam
895 2451 1046 2524 attigerunt
1060 2451 1192 2508 ‹tourinae
1207 2468 1295 2513 sauae;
1318 2449 1364 2505 sed
1379 2466 1444 2524 pro·

155 2531 251 2594 batos‚
280 2533 326 2588 sed
357 2534 432 2608 pios,
462 2536 508 2608 qui
539 2545 656 2592 veterem
680 2534 752 2592 illam
774 2552 913 2592 sacrorum
937 2536 1025 2591 edocti
1048 2536 1187 2592 seientiam
1209 2534 1352 2594 eonsilium
1376 2552 1444 2608 pne·

111 2617 279 2697 pastalsaut.
310 2636 365 2692 quo
386 2619 493 2676 drumm
516 2621 548 2676 ad
572 2621 684 2694 primam
708 2620 780 2677 illasu
802 2629 830 2677 et
858 2621 1094 2677 incontaminatam
1117 2622 1277 2679 Sanctorum
1307 2621 1387 2676 vitam
1415 2625 1443 2674 et

152 2701 275 2760 ecelesias
299 2704 566 2762 senatusconsultum
589 2715 735 2762 restaures.

215 2788 371 2845 Carolus.
409 2788 546 2847 Fabricios
568 2800 661 2864 putas.
684 2789 822 2852 Erasinos.
845 2800 874 2846 et
895 2791 1059 2865 Capniones,
1082 2790 1291 2865 butberosquei
1449 2799 1510 2849 §.tt

112 2922 138 2953 ;.
216 2873 487 2931 blasimilianus.
525 2875 577 2931 Eos
600 2875 683 2949 ipsos,

218 2959 377 3015 Carolus.
415 2963 449 3016 m
472 2961 505 3016 iis
527 2960 650 3017 monaelsi
672 2969 737 3017 sunt
760 2961 870 3017 isssmino
893 2961 1003 3022 iuiesti.
1026 2969 1054 3017 et
1077 2960 1221 3022 lsmretscos
1244 2959 1421 3034 proclamant.

113 3058 144 3099 au
219 3043 487 3102 blasimiliauus.
523 3045 616 3119 Neque
645 3046 792 3102 rasorsaebos
820 3046 941 3102 aslhiberi
968 3046 1050 3102 iubeo
1078 3046 1110 3101 ad
1140 3047 1192 3102 boe
1213 3045 1371 3108 eonsilium.
1401 3055 1444 3102 ut·

154 3135 221 3202 pote
244 3130 315 3201 apud
338 3147 408 3203 quos
431 3131 468 3186 sit
490 3131 699 3187 cerimoniarum
722 3129 851 3193 multum.
875 3131 985 3204 pietatis
1006 3148 1077 3187 serus
1100 3130 1175 3187 nibil.

217 3214 371 3270 Carolus.
395 3214 463 3283 Quid
487 3233 540 3271 uon
564 3215 615 3270 boe
639 3216 695 3288 ipse
719 3214 830 3270 molitus
853 3233 882 3269 es
905 3216 992 3271 adbuc
1015 3216 1040 3270 in
1065 3215 1207 3271 hanseris?

218 3297 484 3356 llasiruilianus.
520 3302 639 3356 Conatus
661 3318 722 3355 som
743 3298 904 3372 aliquoties,
934 3318 1021 3374 raeque
1044 3300 1069 3355 id
1093 3299 1176 3356 sensel
1199 3307 1226 3355 et
1249 3300 1362 3360 iterum.
1393 3300 1510 3360 sedeat.

152 3383 257 3438 tleeies:
281 3385 346 3458 quid
369 3403 422 3440 non
447 3385 575 3459 pmieuli,
604 3385 640 3440 dii
663 3383 742 3449 boui,
767 3401 825 3440 sum
847 3389 996 3457 expertus?
1026 3392 1095 3458 quot
1118 3384 1244 3446 iusidias.
1273 3393 1341 3458 quot
1364 3401 1442 3439 vene·

115 3468 230 3529 aalieia.
255 3469 484 3526 machinationes?
508 3487 596 3542 neque
618 3477 795 3525 cunetasseut
812 3477 913 3531 tauma,
936 3470 963 3524 ni
987 3469 1139 3524 obstitisset
1160 3468 1245 3525 lulius
1267 3469 1398 3543 pontifex.

216 3553 375 3610 Carolus.
414 3554 582 3629 Espugnasit
604 3572 637 3610 ue
660 3553 766 3609 tandem
789 3571 905 3628 superos
927 3553 991 3610 illel
1024 3552 1156 3627 siquidem
1185 3571 1280 3610 rumor
1305 3563 1347 3610 est
1370 3552 1440 3626 apud

153 3637 295 3700 aarortales,
319 3658 380 3695 eum
404 3641 427 3696 ri
450 3639 624 3696 deturbatum
653 3657 668 3695 a
690 3638 770 3694 beato
791 3638 874 3695 Petro
896 3656 992 3712 parare
1014 3638 1162 3695 exereitum
1184 3655 1239 3711 quo
1262 3639 1286 3694 vi
1310 3639 1442 3711 irrumpat

152 3724 180 3778 iu
201 3723 313 3780 colum:
344 3725 447 3781 dimisit
472 3726 542 3781 enim
571 3723 611 3796 (ut
635 3723 723 3798 audio)
754 3722 854 3780 clasem
885 3724 910 3779 in
940 3742 1001 3781 arca
1029 3722 1165 3784 uunsaria,
1198 3741 1251 3797 qua
1273 3722 1443 3780 recludente

152 3808 262 3865 inerant
284 3810 358 3869 iores
380 3811 514 3868 eoelestes.

150 3923 355 3934 ——-—-·-—

221 3990 232 4022 ³
250 3993 341 4042 neniis
355 3998 378 4044 1.
424 3992 445 4026 ¹¹
465 3990 578 4057 Critias}
598 3992 721 4051 Crieeus,
740 3995 799 4042 edd.
814 3993 916 4059 Aperte
929 3992 1054 4043 Socrstis
1072 3991 1235 4056 discipulum
1249 3992 1364 4041 Critiem
1383 3991 1442 4056 plri-

152 4077 296 4142 losoplsunr
316 4078 475 4129 historicum
495 4083 685 4142 oratoremque
705 4079 750 4142 qui
769 4093 838 4128 unus
857 4095 889 4128 ex
908 4079 1025 4143 triginta
1044 4093 1069 4141 q.
1083 4093 1108 4125 v.
1122 4081 1255 4141 tyrannus
1279 4077 1371 4125 issetsss
1389 4080 1441 4135 est,

153 4169 252 4212 auctor
270 4162 295 4211 h.
309 4162 328 4212 l.
340 4164 437 4213 voluit.
505 4164 598 4213 Aristo
617 4163 715 4223 Chius,
740 4163 858 4214 'denonis
876 4162 1041 4228 discipulus,
1066 4162 1146 4211 Siren
1165 4163 1388 4228 cognominatus,
1410 4176 1442 4208 rx

152 4250 298 4308 Cicerone,
316 4251 443 4315 lliogene
462 4248 589 4308 Laertio,
611 4247 675 4297 aliis
693 4253 786 4309 notus,
806 4251 861 4299 nisi
880 4248 951 4317 torte
969 4246 1143 4306 Athenionis,
1161 4246 1340 4312 peripatetici
1358 4245 1442 4294 Atlio·

149 4334 267 4394 aiensis,
287 4333 320 4382 de
339 4350 391 4399 quo
410 4334 465 4384 rid.
478 4334 577 4384 Athen.
591 4333 682 4398 deipn.
696 4335 728 4384 V.
742 4351 768 4400 p.
781 4332 849 4394 211„
868 4332 953 4382 fllium
972 4331 1090 4381 indicari
1109 4331 1215 4381 eredes.
1252 4331 1330 4381 Unde
1348 4329 1443 4379 horum
1483 4391 1485 4395 Ι

151 4420 355 4469 triumvirorum
377 4420 599 4470 coniunctionem
622 4419 828 4469 Maximilianus
851 4419 905 4468 nisi
928 4417 999 4484 apud
1023 4417 1129 4468 inferos
1157 4416 1288 4467 didicerit
1317 4414 1443 4478 equidem

152 4505 257 4554 neseio.
311 4511 392 4570 putas
410 4502 521 4570 velim‘l]
541 4508 557 4554 i.
570 4520 593 4553 e.
608 4521 650 4554 me
668 4504 741 4554 velle
760 4506 859 4570 putas?
910 4502 932 4534 ‘²
951 4504 1129 4568 Exponentur
1146 4501 1259 4551 soll'l.
1311 4499 1334 4532 ‘⁸
1353 4499 1442 4549 eecle-

152 4591 202 4640 siae
226 4595 342 4640 senatus
366 4586 528 4654 consultum]
549 4590 566 4638 i.
581 4606 605 4642 e.
619 4606 653 4640 sse
673 4589 737 4654 quid
755 4579 914 4640 detrimenti
933 4588 1029 4654 capiat
1047 4586 1177 4638 ecclesis.
1247 4583 1269 4616 η
1287 4582 1442 4650 Fabricios}

152 4674 317 4740 Capitonem
335 4675 401 4735 vult,
422 4691 474 4724 non
494 4675 641 4724 liemanum
661 4674 808 4724 consulein.
882 4673 1064 4737 Lutheriosiu
1084 4675 1106 4722 1.
1137 4671 1363 4735 Lutlaernnosque
1382 4673 1441 4720 Μ.

150 4758 174 4792 ⁸¹
191 4760 232 4810 Ad
251 4759 391 4823 dialogum
410 4774 503 4811 rvsrvs
523 4758 645 4822 (§.140.l
664 4758 779 4808 adludit.
