3330 5408
175 400 293 454 nraaoor
313 420 419 454 asernai
438 419 555 455 reserva
574 420 700 456 cannrnr.
720 402 766 471 [m]
785 420 914 455 rrnrarrs
932 420 967 454 arr
990 419 1224 454 erranerrrrorus
1242 419 1344 458 evesa,
1396 388 1470 461 573

175 578 242 634 siam
265 578 308 634 dci
331 595 416 652 usque
440 577 466 632 in
490 586 612 651 quartam
635 578 851 650 generationem.
880 577 927 632 sed
956 585 983 633 et
1013 576 1039 632 iu
1070 577 1220 634 canonibus
1243 595 1312 652 quos
1336 579 1387 652 ipsi
1410 596 1470 634 ean·

176 672 289 726 xerunt,
312 680 348 719 ne
367 664 400 718 ad
424 663 574 718 sacerdotia
597 661 637 718 vel
661 662 747 720 oldeia
765 662 966 735 subrogentur;
989 662 1035 717 sed
1056 663 1119 736 quia
1135 665 1291 718 nutrierunt
1306 664 1407 719 frontis
1423 681 1469 719 an·

174 748 277 803 daciam
299 755 327 802 et
349 747 545 804 volubilitatem
570 747 670 821 lingum
692 749 832 803 consecuti
855 755 932 809 suat,
971 747 1071 821 passim
1095 761 1124 802 se
1146 749 1289 821 ingerunt,
1313 751 1469 805 econtrario

175 833 299 889 eruditos
321 833 395 888 viros
416 832 514 892 latere.
548 832 705 893 obscurari,
739 835 946 906 persecutiones
974 832 1029 904 pati
1060 841 1088 888 et
1116 849 1170 887 non
1199 833 1287 888 solum
1311 831 1342 889 -in
1365 833 1468 907 populo

149 916 217 973 arel
240 918 272 973 nd
295 917 416 991 publicas
438 917 584 990 dignitates
613 918 728 989 gratiam
757 934 810 973 non
838 916 952 977 babere,
987 917 1033 972 aed
1062 917 1142 973 etiam
1173 917 1263 991 inopia
1292 929 1320 974 et
1346 926 1468 991 egestate

180 1002 329 1058 tabescere.
373 1002 436 1059 licet
459 1020 513 1057 nou
536 1002 658 1075 ignorem
681 1002 741 1058 ideo
766 1003 821 1058 luec
844 1001 916 1064 lieri,
940 1003 1003 1075 quia
1018 1002 1123 1058 incerto
1139 1011 1211 1057 statu
1227 1003 1354 1058 feruntur
1369 1004 1466 1064 omnia.

182 1095 209 1143 et
233 1097 351 1143 nonest
374 1087 427 1142 illis
450 1089 476 1142 in
499 1090 627 1160 praesenti
651 1088 796 1143 retributio
819 1087 993 1148 meritorum,
1029 1088 1076 1142 sed
1104 1088 1132 1142 in
1161 1088 1263 1143 loturo.
1309 1087 1380 1142 Vidit
1409 1088 1537 1148 baean,
1574 1098 1576 1105 ¹

183 1180 212 1227 et
233 1172 408 1230 Ecclesiastcs
430 1173 476 1228 ille
499 1172 578 1235 olim.
613 1172 720 1247 qnando
748 1173 822 1228 dedit
849 1189 897 1228 cor
924 1188 1002 1227 suurn
1025 1173 1052 1227 iu
1075 1189 1153 1227 omne
1176 1189 1246 1245 opus
1274 1173 1346 1246 quod
1370 1172 1468 1228 lactum

184 1266 226 1312 cst
249 1258 300 1312 sub
323 1256 395 1312 sole:
419 1258 484 1314 ridit
505 1259 591 1320 euim,
619 1258 691 1331 quod
714 1257 900 1313 dominaretur
922 1256 1003 1312 bomo
1032 1258 1150 1320 bomini,
1177 1266 1208 1312 ut
1236 1257 1369 1331 affligeret
1392 1275 1467 1318 errrn:
1547 1264 1561 1335 ᾗ

147 1351 212 1400 teet
236 1343 301 1403 ridi.
325 1343 427 1416 inquit,
452 1343 549 1417 impios
571 1342 709 1417 sepultos,
741 1351 768 1398 et
791 1349 934 1404 venerunt,
962 1350 990 1397 et
1012 1343 1045 1398 de
1067 1341 1128 1397 loco
1152 1350 1245 1398 sancto
1268 1343 1371 1416 egressi
1394 1352 1468 1404 siud,

177 1435 206 1482 ct
228 1425 328 1483 laudati
351 1436 415 1483 suut
437 1427 464 1483 iu
486 1429 609 1489 civitate.
639 1429 701 1501 qnia
730 1429 769 1483 sic
800 1428 937 1490 lecerunt;
971 1428 1023 1482 ridi
1053 1436 1177 1482 mortuos
1199 1430 1239 1482 sie
1267 1427 1403 1501 sepultos,
1439 1437 1468 1482 ut

177 1513 264 1568 sancti
286 1513 487 1569 aestimarentur
509 1514 536 1568 in
560 1523 644 1575 terra,
669 1514 715 1586 qui
739 1531 820 1586 quum
846 1513 979 1575 viverent,
1007 1512 1174 1586 putabantur
1200 1512 1275 1585 digni
1302 1531 1361 1567 esse
1383 1512 1469 1569 ecele-

178 1598 226 1652 siae
250 1598 387 1672 principes
410 1607 437 1653 et
461 1597 553 1672 templi
577 1599 633 1659 dei,
663 1607 690 1654 et
719 1598 830 1672 insuper
853 1597 1021 1654 ambulantes
1045 1598 1139 1660 tmnidi
1163 1597 1342 1653 laudabantur
1364 1597 1391 1653 in
1413 1616 1468 1653 ma·

177 1682 249 1738 liciis
272 1683 343 1744 suis,
366 1682 437 1738 sicut
459 1691 487 1739 et
509 1683 577 1738 alius
599 1682 733 1758 propheta
755 1683 834 1744 dicit,
859 1682 1004 1738 ‘Laudatur
1025 1682 1136 1755 iniquus
1160 1683 1186 1737 in
1207 1682 1468 1757 desyderiiseaimae

144 1783 254 1829 iosuae,
277 1775 305 1823 ct
327 1768 435 1840 iniquus
458 1767 642 1824 benedicitur'.
687 1767 743 1823 lloc
771 1776 861 1822 autern
894 1775 1040 1840 propterea
1069 1767 1175 1828 evenit,
1209 1769 1271 1840 qaia
1299 1785 1378 1824 nemo
1406 1787 1468 1842 pec·

177 1851 303 1908 cantibus
326 1852 446 1925 praelatis
469 1854 549 1908 audet
572 1854 715 1914 resistere,
738 1869 787 1907 ncc
808 1852 899 1907 statim
922 1851 989 1906 dens
1012 1850 1100 1908 scelus
1121 1851 1278 1914 ulciscitur,
1307 1853 1355 1908 sed
1376 1853 1467 1908 dill'ert

176 1953 300 2011 pinnam,
333 1938 396 1993 dam
427 1946 550 2012 expectat
581 1937 776 2012 penitentiam.
820 1953 870 1992 nec
892 1936 1033 2009 quisquam
1057 1952 1105 1991 eos
1127 1953 1255 2013 accusare
1274 1937 1368 1999 audet,
1403 1938 1534 2011 peilatau.

175 2022 264 2077 saneti
287 2030 314 2077 et
337 2022 408 2078 beati
431 2024 458 2078 in
481 2025 627 2097 praeceptis
649 2022 750 2078 domini
773 2020 941 2077 ambulantes
965 2029 1065 2094 augent
1093 2030 1203 2094 peecata
1222 2024 1364 2094 'peceatis;
1396 2022 1467 2076 ‹littt-

177 2107 239 2163 cilis
262 2115 304 2162 cst
326 2108 463 2163 accusatio
487 2108 513 2162 in
537 2109 708 2181 cpiscopum;
742 2106 764 2161 si
788 2106 952 2180 peccaverit,
986 2122 1041 2160 non
1064 2106 1191 2168 caeditur,
1226 2115 1254 2161 ct
1281 2107 1303 2162 si
1327 2108 1467 2162 convictus

138 2192 278 2254 noluerit,
302 2209 357 2247 nou
379 2194 500 2266 punitur.
545 2192 637 2248 Omnia
659 2200 749 2247 autem
772 2191 831 2246 bne
853 2190 989 2264 permittit
1010 2191 1077 2246 deus
1099 2199 1213 2264 propter
1228 2200 1338 2264 peecata
1358 2191 1467 2265 populi;

175 2285 295 2351 proptor
316 2277 369 2334 boc
388 2277 526 2334 dominari
546 2278 611 2334 lacit
633 2294 680 2332 eos
703 2277 749 2349 qui
772 2276 888 2332 oderunt
903 2293 966 2337 eos,
989 2276 1183 2337 ellmminatos,
1208 2275 1319 2338 molles,
1343 2276 1466 2349 gulosos,

178 2371 337 2425 ventrosos,
360 2362 503 2424 animales,
526 2362 668 2435 bestiales,
693 2361 833 2422 indoctos,
858 2361 939 2434 impie
961 2361 1082 2423 zelosos,
1113 2369 1259 2435 tyrannos,
1288 2362 1467 2435 suspiciosos,

178 2464 295 2522 porcos:
318 2456 349 2503 ut
371 2449 459 2504 reuiat
481 2464 564 2522 snper
586 2465 633 2502 eos
656 2448 694 2502 ira
717 2447 819 2502 doudni
835 2463 922 2519 usque
938 2446 965 2501 iii
981 2445 1075 2508 liueru.
1100 2447 1188 2502 omnis
1204 2448 1315 2519 sanguin
1331 2448 1465 2502 iustorum

178 2550 194 2588 a
217 2533 350 2605 sanguiue
373 2533 523 2606 primorum
546 2540 694 2604 martyrum
718 2549 803 2604 usque
826 2532 858 2586 ad
881 2530 1004 2586 ultimum
1028 2532 1143 2587 iustum:
1172 2540 1300 2606 potentes
1321 2531 1393 2588 enim
1416 2549 1465 2605 po·

143 2633 171 2673 aa
182 2626 273 2674 tenter
295 2619 447 2691 patientur:
471 2618 517 2672 sed
540 2635 593 2672 uon
617 2617 782 2689 recogitant,
817 2634 871 2672 non
900 2616 1003 2678 vident,
1037 2617 1100 2690 quia
1123 2616 1268 2673 obcecavit
1289 2635 1336 2672 eos
1359 2616 1536 2673 maliciam.

180 2711 209 2759 et
232 2702 357 2776 superbia
380 2721 487 2759 corum:
521 2701 586 2758 caeci
614 2702 684 2756 cuim
714 2710 777 2757 sunt
804 2710 831 2757 et
853 2701 934 2757 duces
957 2720 1103 2764 caecorum:
1136 2701 1302 2759 ‘teodinus
1324 2702 1467 2769 domiuus',

180 2787 323 2860 inquiunt,
347 2789 419 2861 ‘quia
441 2788 538 2843 divites
560 2787 623 2841 lacti
647 2804 754 2851 smnus;
777 2787 929 2844 occidamus
951 2795 978 2842 et
1001 2796 1160 2849 mactemus,
1184 2797 1212 2844 et
1233 2805 1288 2843 uon
1303 2787 1392 2844 solum
1407 2796 1468 2842 ton·

180 2873 275 2930 damus
298 2891 423 2946 gregem,
447 2873 493 2928 sed
517 2873 598 2928 etiam
614 2872 791 2933 trucidemus,
816 2871 889 2928 velut
911 2871 983 2946 lupi,
1007 2872 1079 2928 velat
1095 2873 1168 2927 ursi’.
1207 2861 1314 2928 semol
1332 2875 1372 2928 eis
1395 2872 1468 2947 quod

183 2975 277 3014 ornnes
300 2958 422 3013 redditus
445 2967 472 3013 et
495 2957 564 3014 liena
589 2958 640 3030 ipsi
662 2958 817 3031 possident,
841 2957 913 3030 quod
937 2974 1023 3030 equos
1044 2938 1170 3012 n'utriunt
1192 2957 1417 3031 speciosissimos,
1440 2966 1468 3013 et

145 3043 300 3105 sentinam,
326 3053 355 3098 ut
378 3043 521 3103 haetenus,
544 3060 615 3097 rrunc
638 3061 671 3099 ne
693 3042 760 3096 niliil
782 3042 899 3115 pessime
922 3051 1018 3114 agant,
1042 3051 1069 3096 ct
1088 3041 1278 3098 scelestissime
1301 3043 1467 3115 profundant

182 3128 375 3201 patrimonium
397 3128 513 3182 Cliristil
546 3126 673 3184 Plralcras
699 3126 846 3182 conficiunt
862 3143 899 3181 'ex
928 3144 994 3181 auro
1016 3135 1044 3181 et
1065 3136 1195 3200 argento,
1221 3136 1251 3182 et
1273 3126 1345 3183 lerra
1368 3127 1534 3201 quibusdum

181 3229 315 3287 equorum
338 3213 420 3287 pedes
443 3213 581 3272 muniunt.
616 3230 648 3267 ea
675 3221 805 3283 argento,
840 3228 923 3284 qnam
947 3211 1054 3266 interim
1081 3229 1214 3285 pauperes
1242 3211 1342 3267 Christi
1368 3221 1466 3286 egeant

181 3311 250 3372 pane
272 3292 303 3353 et'
323 3298 460 3354 mendicus
481 3298 597 3353 Lasarus
619 3296 660 3351 rix
682 3297 797 3351 saturari
820 3296 908 3369 possit
929 3296 962 3351 de
986 3295 1063 3351 micis
1092 3314 1151 3369 quae
1179 3296 1278 3352 eadunt
1304 3297 1338 3353 de
1367 3297 1467 3352 mensis

181 3385 306 3457 ipsorum
332 3382 395 3458 plns
422 3401 502 3457 qnam
530 3381 653 3442 Croesiis,
682 3380 744 3454 plus
772 3397 852 3453 quarn
879 3380 1054 3454 Sybariticis,
1084 3381 1178 3436 asotiis
1207 3381 1465 3454 voluptuosissinris.
1535 3386 1541 3397 ⁸

146 3468 220 3525 :nne
242 3469 342 3525 scortis
364 3485 419 3524 non
442 3469 517 3528 dico,
541 3482 624 3541 quum
646 3465 699 3521 hoc
719 3464 756 3520 sit
779 3473 867 3521 tamen
889 3465 981 3539 magis,
1003 3464 1163 3522 humanum:
1194 3483 1346 3540 quanquam
1367 3483 1398 3521 ea
1420 3467 1535 3522 tia-§.ae

183 3554 265 3609 beant
287 3571 342 3608 non
366 3563 395 3610 nt
417 3552 527 3626 vulgus,
561 3551 608 3607 sed
631 3548 826 3606 venustissima.
872 3558 899 3605 et
921 3551 1038 3606 lortasse
1060 3559 1088 3606 et
1117 3552 1170 3606 lioc
1198 3550 1381 3611 tolerandum,
1415 3550 1467 3605 nisi

183 3656 238 3694 non
263 3646 305 3694 tot
327 3639 410 3694 etiam
431 3637 500 3694 clam
522 3644 679 3710 stuprareut
702 3633 869 3697 iuvenculas,
903 3652 958 3690 uon
987 3643 1028 3690 tot
1056 3636 1256 3691 committerent
1287 3634 1418 3690 adulteria
1441 3644 1468 3690 et

182 3724 303 3780 incestus
325 3733 353 3779 et
373 3722 524 3794 sacrilegia.
569 3721 702 3794 Quicquid
725 3721 857 3795 optimum
879 3729 922 3777 est
945 3721 971 3776 in
994 3720 1070 3781 loro,
1095 3721 1122 3776 in
1137 3719 1265 3783 macello,
1289 3721 1340 3777 liae
1355 3721 1407 3794 ipsi
1423 3721 1469 3776 de·

184 3816 294 3870 vorant,
317 3807 369 3863 lroc
392 3808 443 3881 ipsi
467 3806 647 3878 abligurinnt,
670 3805 794 3862 animalia
817 3806 918 3864 ventris
940 3805 1022 3862 etad
1045 3804 1111 3860 nibil
1132 3804 1214 3862 utiles
1230 3805 1283 3861 nisi
1298 3806 1330 3861 ad
1345 3804 1467 3862 helluan-

147 3894 256 3950 todum.
301 3893 391 3965 licque
414 3892 484 3947 euim
506 3892 667 3965 praedicant,
691 3909 739 3947 nce
753 3892 866 3953 docent,
890 3909 939 3947 nec
959 3891 1097 3953 scribunt,
1120 3908 1171 3947 nee
1191 3889 1355 3952 sacrificant,
1379 3895 1536 3964 nequeea.

184 3977 257 4033 bono
280 3976 372 4051 aliquo
395 3976 518 4051 caernplo
542 3979 710 4049 praecedant,
737 3985 767 4032 nt
789 3976 923 4033 immerito
946 3976 1002 4032 hac
1024 3976 1122 4049 aliquis
1146 3977 1172 4031 in
1196 3975 1250 4031 illis
1272 3975 1466 4037 calumnietur:

183 4071 212 4119 et
235 4080 318 4137 quum
350 4063 401 4136 ipsi
425 4062 491 4117 uilril
516 4063 612 4116 lioruin
636 4062 747 4124 iaciant,
771 4078 858 4134 neque
881 4060 949 4116 alios
972 4061 1083 4116 mittunt
1105 4062 1132 4116 in
1155 4079 1270 4117 messem
1291 4061 1393 4117 domini
1421 4061 1467 4133 qni

184 4157 347 4221 operentur:
377 4156 404 4203 ct
426 4147 448 4202 si
471 4165 534 4203 casu
558 4146 598 4202 rel
621 4147 730 4202 lortuna
753 4144 793 4201 vel
816 4145 936 4202 inanimis
959 4145 1084 4220 precibus
1111 4146 1255 4209 asciverint
1282 4145 1399 4219 aliquem
1423 4146 1468 4218 qui

184 4250 248 4289 vere
269 4234 366 4289 doetus
389 4233 437 4294 sit,
462 4232 513 4287 nisi
536 4230 642 4304 palpet,
667 4231 717 4285 uisi
740 4231 771 4286 ad
794 4231 918 4303 plausum
941 4231 1081 4304 loquatur.
1114 4231 1164 4286 nisi
1186 4230 1352 4292 dissimulet,
1375 4229 1470 4285 conni-

149 4326 259 4377 mrcat.
290 4327 316 4373 et
339 4317 390 4372 nisi
413 4335 526 4391 prorsus
553 4316 635 4372 etiam
662 4316 829 4376 consentiat,
859 4315 950 4372 statim
978 4316 1120 4377 deiieitur,
1148 4324 1308 4373 execrantur
1332 4315 1407 4396 'velut
1430 4316 1469 4370 iu·

254 4499 447 4550 ⁸Eeeleeiast.
461 4500 537 4549 Vlll.
550 4499 575 4549 9.
589 4514 647 4563 sqq.
717 4496 738 4530 ¹⁰
762 4495 818 4565 imp
834 4503 856 4550 1.
889 4500 1000 4564 inquam
1012 4503 1038 4548 2.
1069 4498 1217 4563 iniquos&
1236 4496 1336 4561 (fuleo)
1356 4499 1470 4548 Celerina

186 4602 237 4636 non
254 4586 337 4634 omnin
356 4591 412 4648 tpea
431 4584 596 4634 Eccleaiaetw
613 4583 690 4632 verda
707 4589 764 4632 ruat
783 4600 839 4648 qum
855 4581 1001 4650 reprimetur.
1037 4580 1058 4615 ¹¹
1076 4583 1181 4649 propb.]
1195 4583 1297 4633 Psalm.
1311 4584 1343 4632 Χ.
1358 4581 1382 4634 3.
1403 4586 1469 4645 (see.

186 4669 284 4731 Hebe)
355 4667 375 4699 ¹⁶
393 4668 548 4733 prolatied.
569 4668 665 4732 (plutis
685 4668 720 4728 1.)
790 4667 811 4699 ¹⁷
830 4669 1054 4734 expectentedd.
1118 4667 1139 4698 ²¹
1157 4665 1294 4734 potentes]
1319 4667 1470 4733 Sapientiae

188 4754 272 4805 Vbi.
309 4752 330 4784 ¹¹
349 4751 434 4818 Coeei]
453 4753 623 4803 Mambxv.
639 4753 678 4802 ll.
714 4750 735 4783 ²¹
754 4753 858 4804 reditus
872 4758 898 4806 3.
934 4751 1155 4817 ³¹Crseijs1.2.
1196 4749 1251 4784 ¹¹⁴⁵
1268 4754 1400 4803 couniret
1411 4755 1469 4803 edd.
