3276 5414
253 354 300 426 56
552 369 602 419 111.
674 384 813 419 nisavars
834 385 856 418 s.
876 383 957 419 avos.
995 383 1143 418 orntoors.
1165 368 1248 432 (tots.)

316 558 481 600 ausavnva.
519 539 560 597 lta
584 546 642 607 est,
666 557 734 598 narn
757 545 786 597 et
808 538 893 615 prirni
917 539 956 598 illi
980 539 1154 616 et·plurima
1179 541 1207 599 in
1232 542 1304 601 ardis
1320 544 1490 621 principum
1506 544 1550 602 ln·

163 693 168 704 .
253 643 524 718 orantur,-partirn
548 642 634 710 ditm,
668 641 746 718 qaut
770 641 898 701 ollielum
923 649 966 700 est
988 660 1090 709 sntnn,
1126 641 1225 702 literas
1248 663 1281 703 ao
1304 647 1385 723 signa
1411 646 1549 715 rendunt,

255 745 359 822 partim
384 742 468 810 ditm,
492 743 570 821 (pared
593 742 648 802 soli
671 743 743 801 seite
767 742 890 810 iaciunt,
912 743 1029 802 cottidie
1052 742 1159 822 aliquid
1176 763 1190 804 a
1208 746 1391 824 principibus
1406 755 1547 824 erugant.

185 844 438 922 §.³⁰·Otramquam
461 844 530 921 quid
554 846 590 905 de
613 844 717 905 scribis
740 846 907 922 querimur,
931 846 981 924 qui
1003 845 1234 924 qualescumque
1256 856 1337 918 sunt,
1360 851 1481 908 omuino
1498 848 1549 909 ali·

256 947 321 1025 quis
344 964 447 1006 eornm
470 965 541 1006 usrrs
565 954 621 1015 est,
657 964 723 1006 cum
753 945 799 1006 alii
828 946 911 1006 rmdli
934 949 991 1006 sint
1012 949 1131 1006 omnino
1154 950 1270 1009 inutiles
1298 956 1340 1021 et,
1375 959 1406 1009 ut
1428 950 1477 1010 ille
1500 953 1570 1019 ates

254 1050 354 1125 fruges
378 1066 553 1109 consumere
576 1050 648 1108 nati:
678 1056 764 1126 atque
788 1051 876 1125 igitur
899 1049 956 1108 (lixi
986 1048 1057 1109 ‘sine
1086 1046 1192 1109 iudicio
1221 1070 1254 1111 ac
1276 1051 1390 1114 delectu
1414 1052 1551 1114 liberales

253 1156 321 1210 sont
343 1150 507 1228 principes’.

320 1272 445 1313 casces.
485 1252 681 1329 llil-perdant
709 1259 905 1312 assultatores
936 1271 1038 1312 onmes
1068 1271 1127 1330 qno
1150 1273 1187 1314 ne
1210 1254 1304 1351 bqnos
1325 1256 1355 1316 ni
1377 1256 1464 1315 nobis
1485 1257 1551 1317 diu·

187 1356 314 1415 §.satius
336 1354 484 1431 principos
506 1355 639 1430 perdant.
686 1354 743 1414 Sed
767 1362 796 1413 tu
820 1356 876 1415 iam
900 1354 936 1414 de
961 1356 1051 1414 sentis
1079 1373 1181 1424 narra,
1216 1358 1269 1416 nisi
1297 1357 1365 1436 qnid
1395 1364 1485 1417 restat
1513 1358 1550 1417 de

255 1455 464 1518 adulatoribus.
1562 1474 1584 1513 u

321 1552 502 1619 ursarnva.'
525 1557 618 1617 liuius
640 1561 757 1636 gerreris
780 1566 848 1619 snut
872 1560 992 1629 iratres,
1017 1558 1085 1619 olim
1109 1566 1138 1618 et
1160 1561 1267 1618 rectius
1290 1551 1457 1638 φράτορες
1472 1561 1551 1630 dieti,

258 1660 308 1737 qni
331 1660 496 1736 principum
521 1667 633 1718 mentes
656 1667 756 1721 tenent
779 1680 812 1721 es
841 1662 940 1721 auditu
971 1661 1176 1728 corilossionis,
1208 1662 1284 1720 eirca
1314 1662 1392 1739 qnod
1421 1662 1551 1722 studium

257 1761 331 1822 adeo
354 1763 546 1839 superstitiosi
568 1771 635 1822 sinu
658 1762 713 1831 illi,
738 1773 769 1821 nt
791 1763 912 1822 credant
934 1771 1077 1841 perpetuo
1101 1763 1215 1822 clausos
1237 1762 1292 1822 sint
1308 1762 1412 1831 emim,
1437 1766 1492 1824 nisi
1516 1781 1552 1824 ex

258 1861 400 1922 llomiuiri
423 1870 473 1922 ant
494 1864 643 1939 Franqisei
667 1865 796 1942 plnatria
820 1865 896 1925 liene
918 1867 1066 1941 saginatus
1088 1863 1192 1941 aliquis
1215 1882 1249 1922 ae
1271 1865 1380 1925 nitidus
1400 1873 1427 1924 et
1443 1863 1553 1925 obesus

258 1966 385 2042 aporiam
408 1983 504 2043 neque
528 1968 605 2026 euim
628 1968 698 2026 satis
721 1972 765 2027 est
780 1968 932 2027 sacerdote
949 1967 996 2026 hie
1011 1966 1067 2034 nti,
1092 1984 1125 2024 ex
1143 1966 1245 2025 ordine
1261 1967 1297 2025 sit
1312 1974 1443 2044 oportet,
1467 1968 1585 2044 quasin

260 2084 347 2127 nemo
370 2074 583 2144 postmortem
606 2069 757 2137 revixerit,
785 2076 941 2146 antequam
965 2068 994 2128 hi
1017 2074 1115 2127 essent
1136 2068 1234 2127 neseio
1256 2068 1405 2145 quomodo
1427 2068 1553 2128 ordinati

190 2169 387 2228 §.amoime
433 2169 562 2229 audiunt
583 2169 624 2229 illi
648 2178 744 2230 tarnen
768 2172 885 2230 interim
907 2171 1102 2230 secretissima
1126 2188 1249 2247 quaeque
1279 2178 1308 2229 et
1336 2189 1394 2229 non
1423 2171 1554 2248 produnt

260 2271 315 2329 nisi
337 2288 406 2329 raro
429 2272 504 2330 torte
527 2271 596 2333 dnm
620 2273 695 2332 inter
717 2271 788 2332 alios
810 2272 952 2350 palpones
974 2273 1003 2331 in
1026 2270 1147 2332 multam
1177 2279 1291 2331 noctem
1320 2281 1550 2350 pergraeeantnr.

259 2372 309 2431 sed
341 2380 371 2431 nt
400 2391 549 2452 nrrtrqnam
577 2375 719 2450 prodant,
754 2382 850 2434 tamen
880 2376 976 2434 sciunt
1004 2374 1073 2452 quid
1102 2374 1227 2450 principi
1256 2380 1400 2451 quatenns
1427 2373 1553 2434 suadere
1585 2385 1588 2391 '

261 2475 428 2543 conveniat,
453 2482 481 2535 et
503 2494 577 2553 quos
599 2494 657 2534 non
681 2476 792 2553 egredi
805 2484 937 2553 oporteat
960 2475 1066 2536 limites
1089 2493 1156 2535 erim
1173 2476 1222 2552 qni
1238 2475 1372 2534 obtinere
1388 2475 1456 2553 quid
1473 2475 1587 2535 velites

260 2581 347 2654 atqrm
367 2576 456 2654 Igitur
478 2579 644 2638 cautissimo
667 2577 824 2637 adulantur
846 2578 885 2646 iri,
910 2572 953 2638 ae'
967 2580 1040 2637 inire
1062 2595 1179 2654 semper
1202 2577 1362 2655 abutuntur
1385 2584 1553 2654 inagnatnm

260 2678 399 2747 vanitate3
429 2697 555 2756 qnorum
578 2679 682 2758 aliquis
704 2679 900 2758 persuadetur
929 2681 1076 2739 neminem
1106 2679 1264 2738 ascernlere
1293 2677 1370 2737 illam
1399 2677 1554 2738 beatorum

260 2781 457 2851 mansionem,
482 2782 531 2859 qni
555 2799 613 2840 non
636 2783 718 2858 prius
740 2783 769 2840 in
793 2781 920 2859 scapulis
942 2782 1091 2843 Francisei
1115 2780 1281 2839 consederit
1303 2787 1352 2839 aut
1374 2798 1461 2858 quem
1484 2780 1554 2841 snb·

327 3000 427 3066 ²quod
446 3002 541 3052 officia
561 3007 604 3051 est
622 3003 646 3051 ai
666 3004 753 3051 addid.
772 3007 796 3050 ln
814 3019 893 3065 raorp.
908 3007 931 3051 5.
953 3003 986 3050 ΙΙ.
1022 3002 1135 3063 (Voluit,
1159 3000 1258 3048 scaldos
1281 3002 1390 3049 oeatlere
1415 3003 1484 3066 qnod
1499 3007 1555 3050 stae

258 3089 372 3150 pemeria.
391 3091 415 3135 si
430 3090 482 3136 aazia·
500 3087 642 3136 rrrruaeridna
659 3089 762 3137 dorae-ste
778 3089 955 3150 streperentnr,
973 3094 1102 3150 prostare
1120 3085 1263 3144 dedeceat.)
1317 3085 1414 3133 literas
1428 3102 1461 3133 ac
1474 3087 1555 3150 signa

262 3172 408 3221 Germanice
427 3172 507 3221 Brief
523 3172 577 3220 und
596 3170 700 3236 Siegel.
742 3170 846 3221 ⁵oerdu
866 3186 958 3221 eorum
977 3171 1037 3235 (pro
1056 3171 1164 3220 illorum
1183 3170 1256 3233 eald.)
1275 3178 1299 3218 ct
1318 3172 1343 3218 ia
1361 3171 1419 3219 edd.
1439 3186 1489 3219 aaa
1508 3187 1554 3219 ea:-

259 3258 341 3305 taatr'o
354 3257 425 3320 quod
443 3257 494 3307 soli
513 3258 583 3306 scito
602 3257 662 3306 sciit
679 3254 683 3320 Ι
699 3264 724 3306 et
738 3261 824 3321 purello
838 3263 900 3320 post
919 3262 947 3305 et
965 3261 995 3304 ut
1013 3255 1060 3304 ille
1080 3256 1120 3305 ait
1139 3257 1173 3304 ad
1190 3271 1269 3319 marp.
1283 3259 1307 3303 5.
1327 3257 1412 3305 aruer.
1426 3256 1464 3305 ΙΙ.
1483 3256 1555 3306 Idem

260 3344 338 3390 lociana
357 3343 528 3407 Quamquam
583 3343 653 3390 nali.
673 3347 770 3391 amerino
789 3344 855 3391 lineo
872 3343 998 3405 perducto
1016 3343 1173 3390 eripiendum
1192 3347 1216 3389 et
1234 3357 1282 3404 pro
1301 3341 1413 3390 eodone
1436 3341 1557 3402 inferiori

259 3428 368 3489 aaarplai
384 3428 539 3492 adscriptum
555 3430 698 3492 penetratam
717 3442 771 3475 esse
789 3429 975 3488 stpar'firoeerut
1003 3426 1137 3490 Quanqua
1155 3424 1188 3473 de
1208 3425 1321 3484 scribis,
1350 3426 1403 3474 etsi
1423 3424 1555 3489 querendi

262 3525 361 3560 earrssa
380 3513 417 3561 sit
436 3513 522 3574 iusta,
548 3514 633 3562 etiam
652 3512 826 3567 necessaria,
853 3525 918 3574 11qu
942 3510 1014 3559 solos
1039 3516 1145 3572 tamen,
1171 3523 1236 3573 neq3
1259 3511 1360 3574 primos
1385 3510 1555 3559 accusandos

261 3611 334 3656 reor,
358 3599 406 3646 red
428 3604 476 3646 tum
500 3599 538 3648 dia
561 3600 636 3647 etiam
659 3596 741 3645 aeroas
764 3599 831 3645 linea
853 3598 1005 3644 transducto
1027 3597 1072 3644 illo
1095 3597 1120 3644 ia
1139 3597 1197 3647 edel.
1217 3594 1333 3644 ardidim
1350 3595 1437 3642 iterum
1457 3598 1558 3642 restitui

260 3684 322 3730 aelle
339 3682 496 3746 siqnilleooit.
533 3682 669 3746 Epreptam
687 3682 837 3729 temeritatis
856 3687 930 3745 atque
949 3682 1125 3743 liuprammo
1142 3697 1196 3730 socr
1220 3682 1359 3742 exemplum
1382 3681 1407 3727 in
1430 3679 1478 3728 ltoc
1501 3683 1555 3728 loeo

260 3770 434 3817 constituendo
454 3768 589 3816 aliaeeliae
608 3768 687 3814 edidit
705 3766 765 3816 doc:
783 3765 926 3814 lucrantur
944 3766 1058 3830 partim,
1079 3765 1155 3821 dnm,
1177 3765 1247 3828 qnod
1266 3764 1385 3812 officinm
1406 3771 1553 3823 estonum,

260 3850 357 3900 literas
377 3868 410 3901 ae
429 3853 510 3916 signa
528 3852 663 3911 vendunt,
684 3850 807 3914 quotidie
827 3849 932 3914 aliquid
951 3865 967 3897 a
980 3850 1151 3915 priucipibns
1164 3854 1295 3913 exngunt.
1315 3850 1478 3912 Quanquam
1492 3848 1555 3912 quid

260 3935 293 3983 de
310 3937 402 3986 acribia
421 3936 570 4001 (plectimur,
591 3936 638 4000 qui
656 3934 860 4000 qualescunque
879 3939 957 3996 sunt,
978 3935 1087 3983 omniuo
1107 3935 1207 3999 aliquis
1224 3935 1332 3983 illorum
1346 3948 1409 3981 usus
1423 3938 1473 3993 est,
1495 3948 1555 3982 cnm

261 4016 313 4069 alii
330 4020 407 4069 multi
426 4022 482 4071 sint
500 4023 610 4071 oninino
629 4019 756 4079 inutiles,
781 4025 887 4068 tanturn
912 4020 1006 4084 fruges
1030 4035 1190 4069 consumere
1215 4019 1287 4078 irati,
1320 4017 1389 4081 quod
1414 4017 1466 4066 soli
1485 4019 1556 4067 seito

260 4105 359 4154 sciunt,
379 4107 469 4170 Atque
488 4113 537 4156 ete.
557 4106 618 4166 Qum
636 4108 668 4155 de
682 4107 717 4154 ΙΙ.
737 4107 865 4154 adnotatis
884 4104 948 4152 idem
966 4106 1075 4161 rettulit,
1100 4109 1194 4167 partun
1217 4104 1282 4151 alliis
1303 4105 1399 4166 partim
1416 4104 1555 4152 omissioni-

259 4190 304 4239 bus
321 4191 447 4239 laborant.
501 4189 511 4221 ⁶
530 4187 589 4254 ille]
610 4192 708 4240 Horat.
723 4191 812 4254 Epist.
826 4190 847 4238 l.
862 4188 927 4248 227.
986 4187 996 4216 ¹
1014 4186 1042 4236 lri
1062 4189 1122 4237 add.
1137 4188 1172 4236 H.
1190 4189 1273 4237 deleto
1290 4191 1363 4251 prilts
1380 4188 1513 4250 adscripto
1531 4205 1553 4236 u.

259 4276 314 4339 ipsi
383 4273 402 4306 ¹¹
422 4275 485 4324 olim
506 4280 534 4325 et
551 4276 655 4324 rectius
675 4267 816 4339 φράτορες
839 4273 909 4322 dieti
928 4274 987 4322 odd.
1003 4274 1039 4321 H.
1064 4272 1097 4336 (φ
1116 4279 1141 4320 at
1160 4274 1184 4320 Ι)
1201 4272 1327 4335 forratura)
1352 4274 1552 4334 donavere-13.

258 4359 408 4409 Plrratorca
428 4360 549 4409 eiusdem
568 4360 713 4425 phratriro,
735 4358 916 4418 contribules,
937 4357 1048 4422 publico
1068 4355 1133 4421 (non
1152 4358 1273 4421 privato,
1294 4363 1323 4405 ut
1343 4356 1456 4418 fratres)
1481 4357 1554 4404 inter

259 4459 288 4494 ae
308 4445 451 4495 coniuncti
469 4445 588 4495 vinculo.
626 4442 646 4475 ¹²
665 4445 761 4494 auditu
774 4445 809 4492 H.
831 4440 972 4492 auditione
991 4444 1049 4492 edd.
1096 4441 1115 4473 ¹⁴
1135 4459 1168 4491 ac
1187 4444 1247 4491 aad
1263 4443 1298 4491 II.
1353 4441 1552 4504 olimsus3.!3.

259 4527 281 4560 ¹⁵
298 4530 353 4577 nisi
372 4545 405 4577 ex
424 4531 480 4579 ord.
495 4532 531 4579 sit
551 4531 608 4579 edd.
631 4530 754 4579 CormH.
820 4526 841 4558 ¹¹
860 4533 974 4577 mortem
992 4532 1061 4576 oriris.
1076 4532 1118 4576 13.
1185 4525 1205 4558 ¹¹
1225 4526 1350 4575 .Sedl!.
1403 4523 1426 4555 ²⁰
1444 4540 1551 4589 qnos..

257 4613 361 4663 limites
380 4616 416 4666 H.
437 4630 515 4678 quem
570 4615 685 4663 limitem
704 4616 764 4663 edd.
817 4629 876 4662 eum
897 4629 921 4677 q.
936 4628 959 4662 o.
975 4629 999 4677 q.
1014 4613 1092 4662 velit.
1111 4613 1171 4661 add.
1186 4613 1221 4661 H.
1275 4609 1297 4641 ²³
1316 4612 1429 4675 quinon
1443 4611 1478 4659 H.
1499 4611 1552 4659 nisi

259 4700 303 4764 qui
323 4702 380 4749 edd.
395 4703 524 4749 etiamid.
