3276 5414
464 414 706 482 [cincunsrurnrl
728 432 827 467 eecivs
847 432 1021 469 nenonurvs.
1058 420 1142 482 (152⁰.)
1376 406 1450 478 533

222 589 375 647 Auditor.
413 590 464 645 Sed
488 590 608 664 uunquid
632 590 703 645 aliud
728 599 754 645 te
777 592 881 646 movit?

221 674 353 731 Eccius.
391 674 491 730 Gloriae
515 675 687 748 appetentia:
717 676 768 731 huc
796 685 876 749 pacto
904 677 975 731 cuim
1004 694 1054 752 per
1083 695 1131 733 ora
1159 679 1277 734 virorum
1306 678 1520 748 docternmosssa,

156 759 271 816 volitare
294 759 460 832 cogitabam!

222 845 379 899 Auditor.
417 845 484 899 Num
507 844 597 899 aliud?

109 925 147 986 '¹⁸
219 929 295 985 Ecci
306 946 351 984 us.
388 920 527 985 Pontificis
543 928 578 984 ob
593 929 802 985 ecclesiasticum
818 931 1017 1002 protectionem
1033 931 1122 993 lavor,
1145 933 1187 987 cui
1204 949 1266 1005 spes
1283 932 1351 988 lucri
1367 932 1452 988 heere·

109 1017 129 1058 ¹2
150 1012 218 1078 het,
241 1031 301 1069 curn
324 1014 420 1069 scirem
443 1014 590 1087 plerosque
612 1030 644 1070 ex
660 1014 852 1069 humili'sorte
875 1023 902 1069 et
924 1014 1005 1087 lenge
1028 1015 1174 1082 virtutihus
1197 1016 1263 1071 meis
1287 1017 1403 1090 impares
1419 1019 1451 1074 ad

109 1088 127 1143 'A
156 1098 354 1154 Catulinalatum
376 1116 464 1171 usque
486 1107 594 1153 erectos
617 1115 690 1160 esse,
715 1100 778 1172 quid
802 1099 887 1172 igitur
908 1107 935 1155 et
958 1117 999 1155 me
1016 1117 1125 1174 quoque
1141 1107 1251 1174 sperare
1275 1101 1449 1173 prohibebit?

112 1196 125 1231 ι
222 1183 379 1238 Auditor.
417 1182 487 1237 Nihil
511 1183 649 1256 prolecto,
680 1184 744 1256 quin
773 1191 800 1239 et
828 1201 926 1239 aureos
954 1193 1060 1240 montes
1085 1184 1134 1240 tihi
1158 1198 1220 1258 spes
1243 1185 1450 1244 subministrare
1488 1200 1499 1217 ·

109 1275 124 1318 n
156 1268 268 1340 poterit.
314 1267 365 1323 Sed
389 1267 511 1341 nunquid
535 1276 562 1324 ct
576 1276 611 1322 ¹te
634 1286 743 1342 quoque
767 1268 865 1323 invidia
887 1267 1060 1324 stimulabat?
1460 1274 1519 1323 §.st

122 1371 148 1410 te
219 1352 357 1426 Accius.
395 1352 515 1413 hlinime,
538 1353 590 1406 uisi
615 1353 686 1426 quod
710 1353 773 1408 mihi
796 1353 866 1408 haud
891 1352 1059 1408 tolerandum
1082 1353 1236 1415 videbatur,
1261 1355 1282 1408 si
1307 1363 1359 1410 tam
1384 1355 1452 1410 mul·

157 1444 216 1491 tum
238 1454 252 1491 a
276 1443 330 1491 tem
353 1437 446 1492 multis
467 1437 581 1492 hlartino
606 1437 788 1500 tribueretur,
811 1455 871 1493 cum
895 1454 973 1492 nemo
998 1438 1107 1492 interim
1129 1436 1239 1493 Eclium
1263 1437 1394 1494 laudaret.

222 1522 380 1577 Auditor.
417 1520 550 1595 Nuuquid‘
573 1539 636 1577 vero
668 1524 760 1584 times,
791 1539 825 1577 ne
854 1521 1007 1577 inconsulta
1035 1522 1174 1578 temeritas
1203 1523 1228 1577 in
1260 1521 1392 1596 inalopum
1424 1533 1451 1580 te

156 1623 230 1661 mare
253 1605 399 1678 aliquando
412 1607 596 1680 praecipitet?
1121 1644 1127 1650 -

221 1690 352 1746 Eccius.
390 1691 511 1751 hliuime,
535 1691 666 1765 siquidem
691 1692 819 1747 arulentes
842 1690 960 1746 Fortuna
985 1690 1056 1745 iuvat
1079 1691 1242 1766 timidosque
1265 1691 1388 1765 repellit,
1412 1693 1451 1750 sie

123 1775 217 1836 ttitut·
237 1776 267 1831 ud
290 1784 372 1830 astru.

220 1860 379 1916 Auditor.
418 1858 638 1932 Συκοφαντίοις
662 1878 693 1916 ne
717 1870 744 1917 et
765 1861 912 1916 conviciis?

220 1944 353 2000 Eccins.
390 1945 514 2007 Maxime,
546 1946 610 2019 quid
638 1933 803 2001 euirn'aliud
827 1961 905 2018 quam
929 1944 1102 2000 coutumelire
1124 1953 1152 2000 et
1176 1945 1251 2000 male
1274 1954 1346 2001 artes
1369 1945 1518 2006 Colo-§.sn

156 2029 265 2084 irienses
289 2029 445 2104 'theologos
474 2048 533 2086 curn
566 2030 710 2085 tribulibus
739 2029 795 2083 suis
819 2029 937 2084 semesos
960 2029 1119 2085 reddidere?
1147 2047 1177 2084 el
1201 2029 1299 2103 quilius
1322 2031 1450 2104 perpauci
1481 2031 1487 2040 '

158 2114 218 2169 noti
244 2115 372 2176 tuissent,
398 2115 449 2170 nisi
475 2124 527 2170 tarn
551 2115 674 2170 furenter
697 2115 722 2168 iu
746 2113 910 2186 Capnionem
932 2113 1088 2170 debacchati
1111 2123 1211 2170 esseut.

122 2220 150 2260 ιο
225 2200 387 2254 Auditor.
426 2199 530 2260 llahce.
555 2198 778 2272 quemadmodum
802 2215 849 2254 nec
872 2197 1021 2271 sacrilegus
1044 2197 1090 2254 ille
1106 2199 1238 2273 Ephesius
1255 2199 1449 2260 nominaretur,

158 2283 181 2337 si
206 2283 334 2356 ternplum
358 2292 443 2339 staret
464 2284 562 2338 hienae.

223 2369 354 2423 Eccius.
392 2369 473 2424 llecte
495 2368 618 2441 quidem.
647 2368 756 2423 minime
780 2368 865 2439 igitur
887 2368 914 2422 in
938 2367 1093 2423 hominihus
1116 2369 1199 2423 sortis
1222 2367 1334 2424 abiectae
1357 2368 1452 2440 gentu·
1527 2357 1532 2369 ⁸

158 2468 209 2506 nus
233 2453 354 2523 figendus
376 2462 430 2514 est,
454 2452 499 2507 scd
523 2454 550 2506 in
574 2452 703 2524 optimum
727 2469 865 2525 quenrque
884 2451 976 2524 lingue
1000 2453 1126 2508 acuenda.

224 2537 381 2591 Auditor.
419 2536 542 2609 Egregie.

122 2643 148 2682 ει
222 2622 357 2676 Eccius.
388 2621 456 2687 Quin
473 2630 500 2675 et
517 2620 626 2677 Erasmo
643 2639 730 2695 nuper
744 2632 832 2676 errata
849 2639 896 2677 sua
912 2621 1027 2683 ostendi,
1044 2621 1293 2677 sulthenirolentia‘.
1305 2629 1448 2695 pretextu.
1460 2633 1519 2683 §.st

223 2706 382 2760 Auditor.
421 2705 466 2766 Et,
491 2706 517 2759 ni
542 2705 638 2776 fallor,
662 2706 713 2761 suh
736 2706 925 2762 benivolentiae
948 2716 1080 2779 praetextu
1103 2706 1149 2761 ille
1172 2707 1221 2762 tihi
1245 2707 1394 2780 respondit.

223 2791 353 2844 Eccius.
391 2788 442 2844 Sed
470 2797 498 2844 et
519 2790 683 2864 Capuiouem
714 2792 740 2846 in
771 2790 862 2847 inultis
885 2789 1012 2847 refellere
1035 2809 1160 2864 pessum,
1190 2791 1266 2864 prius
1289 2798 1378 2849 tamen
1401 2791 1453 2845 Lu·

158 2875 268 2929 thermis
291 2874 356 2929 milri
380 2873 433 2930 tela
455 2873 617 2930 absolvenda
639 2883 694 2937 est.
727 2877 787 2931 inde
810 2876 915 2932 Zasium
943 2884 970 2931 et
998 2877 1129 2950 optimum
1159 2884 1294 2949 quemque
1317 2875 1453 2931 mordicus

159 2958 302 3032 arripiam,
326 2967 354 3014 et
377 2959 453 3031 quasi
477 2958 565 3014 Titani
589 2978 649 3016 cum
671 2961 723 3016 diis
746 2960 928 3033 belligeraho;
951 2978 1033 3035 quum
1056 2962 1128 3016 enim
1151 2962 1256 3016 cunctis
1279 2960 1401 3016 doctrina
1424 2967 1452 3014 et

122 3043 304 3117 „prudentia
326 3042 497 3104 antecellam.
522 3046 654 3101 neminem
678 3047 809 3112 formido,
833 3053 861 3101 et
884 3047 1002 3101 omnium
1026 3047 1135 3101 minime
1150 3046 1300 3101 Carriruicos
1316 3046 1450 3100 indoctos.

222 3128 378 3202 Auditor.
416 3127 543 3184 Fortiter.
581 3131 632 3185 Sed
656 3131 688 3185 ad
710 3131 762 3186 hoc
785 3147 879 3203 quaeso
903 3129 1051 3204 responde:
1083 3148 1147 3186 uum
1170 3147 1230 3186 vera
1253 3147 1313 3184 esse
1336 3129 1519 3191 arbitra-§.sa

158 3213 197 3267 ris
221 3231 281 3285 quae
304 3212 442 3273 delendis.
466 3215 552 3269 etita
577 3233 606 3270 re
630 3215 687 3288 ipsa
710 3216 796 3270 sentis
819 3215 1043 3288 quemadmodum
1067 3214 1163 3270 scribis
1186 3223 1214 3270 ct
1236 3213 1376 3286 loqueris?

222 3297 352 3353 Eceius.
389 3297 462 3352 Bona
486 3299 566 3354 verba
589 3317 698 3373 quaese.
722 3300 783 3371 quis
806 3299 877 3353 enirn
901 3299 936 3353 ita
959 3298 1108 3372 delpraret‚
1133 3307 1164 3353 ut
1186 3315 1240 3353 uon
1264 3298 1291 3352 iu
1307 3298 1356 3353 hac
1372 3316 1451 3353 carisa

157 3381 226 3439 clam
248 3400 309 3437 cunr
332 3381 447 3437 llartine
469 3384 598 3444 sentiret,
623 3386 743 3456 quemvis
766 3382 853 3456 palem
876 3381 956 3438 aliter
978 3382 1137 3438 simularet?

122 3490 149 3530 35
222 3467 380 3522 Auditor.
418 3465 483 3522 hlira
505 3476 533 3523 et
555 3468 703 3541 pugnantia
723 3467 856 3540 loqueris.

223 3551 354 3607 Eccius.
390 3550 472 3617 Quasi
502 3569 557 3607 non
584 3552 662 3609 licent
691 3552 762 3607 aliud
785 3551 888 3612 dicere.
918 3550 990 3607 aliud
1012 3567 1076 3606 rere
1099 3549 1241 3613 simulare,
1271 3551 1383 3605 maxime
1405 3549 1450 3605 uhi
1462 3563 1521 3612 nse.

158 3637 191 3692 dc
214 3644 320 3710 questu
343 3635 442 3707 agitur.

156 3723 160 3731 '
224 3721 385 3776 Auditor.
423 3719 495 3792 Ergo
518 3722 605 3794 magis
628 3731 750 3795 questus
773 3739 853 3794 quem
875 3721 917 3776 dci
941 3721 1031 3776 honor
1052 3719 1265 3777 considerandus
1287 3719 1347 3774 ost?

213 3805 358 3872 ,Eecius
395 3804 463 3871 Quid
487 3807 530 3861 dei
553 3807 659 3862 honor?
687 3806 782 3863 caelum
805 3805 864 3862 celi
887 3806 1014 3866 domino.
1044 3813 1142 3860 terram
1171 3813 1262 3859 autem
1290 3803 1364 3858 dedit
1393 3801 1455 3856 liliis

126 3891 317 3957 galioruinurm
345 3889 483 3946 simulatio
509 3899 662 3946 [autumet
685 3890 780 3965 populi
803 3890 920 3946 stultitia
942 3889 1021 3945 nohis
1044 3888 1125 3944 salvae
1149 3899 1338 3962 permaneant,
1366 3894 1394 3941 et
1417 3885 1453 3942 nil

162 3975 241 4030 nohis
263 3975 296 4030 de
320 3974 449 4035 internis.
471 3975 618 4031 dummodo
642 3984 753 4031 citerna
776 3984 804 4031 et
825 3974 1023 4031 ceremonialia
1047 3974 1099 4029 rite
1121 3973 1278 4048 procedant.

226 4060 381 4114 Auditor.
419 4058 481 4114 llaec
503 4075 570 4114 nova
593 4067 722 4117 etentes
745 4060 863 4116 inaudita
887 4057 1025 4131 theologia
1048 4066 1098 4113 est.
1464 4069 1524 4122 esu.

162 4173 365 4183 —..-—-—

229 4239 240 4271 ¹
259 4256 307 4305 per
320 4256 368 4290 era
381 4238 440 4305 ete]
455 4240 849 4305 Enn.ap.Cio.Tusc.l.15,tt.
885 4239 1017 4304 lquoque
1028 4241 1108 4289 orm.
1150 4235 1171 4270 ¹⁴
1191 4235 1458 4303 Verg.Aen.X.'28rl.

164 4325 447 4390 etSenec.cp.73,tt.
483 4324 788 4374 ¹⁸‘Contumeliis.'t.ni.
825 4323 845 4356 ¹⁹
864 4322 1014 4373 debachati
1029 4326 1052 4372 1.
1095 4319 1458 4387 ’(ἘῙιιιιιιίιιιῙΕιοιιῖιιιιιιιΙ

162 4409 184 4442 ²¹
197 4410 354 4460 Genuinum
372 4409 506 4473 (dentem)
524 4410 653 4473 infigere,
673 4410 793 4471 genuino
812 4408 935 4458 mordere
954 4406 1082 4456 dicuntur
1100 4405 1315 4455 calumniatores
1328 4404 1398 4454 clam
1412 4404 1459 4453 ob·

165 4497 332 4544 trecteutes.
384 4493 526 4560 ¹⁸quequ
546 4499 568 4543 1.
633 4490 797 4557 ”tlrosmol
817 4492 860 4542 Cl.
876 4493 910 4542 ad
929 4491 1001 4541 hune
1022 4490 1057 4540 ab
1070 4491 1159 4540 Echio
1172 4490 1236 4539 d.'2.
1249 4488 1331 4538 Febr.
1346 4503 1372 4537 a.
1388 4485 1461 4536 1518.

165 4579 297 4643 scriptam
312 4576 426 4643 ‹ep-(ed.
444 4576 694 4642 remipedem.)
741 4576 763 4607 ²⁰
781 4578 823 4626 De
837 4576 919 4625 llehii
939 4590 1000 4625 eum
1012 4575 1094 4624 Zosio
1110 4575 1143 4623 de
1163 4573 1216 4623 fide
1234 4574 1306 4624 hosti
1325 4571 1462 4622 servanda

167 4659 373 4727 disceptatione
392 4663 456 4713 vide
475 4665 601 4726 Stintzing
620 4640 674 4712 dir.
691 4661 789 4709 Zesiias.
814 4661 878 4710 Bos.
896 4659 967 4710 1857.
981 4675 1008 4724 p.
1020 4657 1075 4707 tut.
1089 4672 1147 4722 sqq.
1217 4655 1240 4688 ³⁰
1261 4656 1419 4706 Canonicue
1438 4658 1462 4704 1.

138 4814 140 4818 Ι
168 4744 383 4812 Οιιιοηίο.ίιιᾱ.]
402 4746 542 4812 Cf.eupro
560 4745 638 4807 §.2st
709 4743 732 4808 ξ’
752 4744 883 4793 deliraret
901 4747 927 4793 t.
984 4741 1006 4775 ³⁰
1024 4740 1239 4794 Psalmcxltt.
1256 4738 1295 4790 ld.
