3276 5414
362 407 424 459 Xll.
495 396 678 473 apnrnrrss'
711 420 850 455 nrauoovs
874 420 1046 455 uv‘raurncvs
1073 406 1249 467 (rosrvnvs).
1319 396 1321 401 Α
1376 388 1445 459 411

161 577 312 655 sperarius
335 576 486 653 scripserit
508 575 675 644 historiam,
705 575 860 653 minusque
882 573 1033 635 affectibus
1055 573 1199 634 tribuerit.
1245 575 1332 635 etiam
1354 580 1452 635 autem

161 679 348 738 Germaniam
372 678 497 745 viderat,
533 684 562 738 et
584 678 678 755 gentis
701 679 763 737 eins
785 696 883 737 mores
905 677 1074 755 descripsit,
1108 694 1143 736 ae
1170 694 1271 736 rerum
1294 674 1333 737 ibi
1356 683 1449 753 gesta·

160 798 228 840 rmn
251 781 304 840 luit
326 798 468 859 perquam
490 780 646 839 studiosus.

224 902 383 972 aunnuvs.
421 881 512 958 igitur
535 880 600 941 talis
623 882 676 941 iste
699 900 765 941 rmu
789 881 876 941 luerit
880 927 901 989 δ
922 889 951 942 et
977 899 1076 941 rerum
1100 898 1238 951 ,mearum
1268 876 1345 940 ban'd
1368 882 1449 958 igun-
1466 889 1510 940 §.t

137 999 212 1042 trus
234 985 277 1042 sio
299 984 335 1044 de
358 1002 405 1043 me
427 984 570 1059 seriptum
593 982 758 1061 reliquerit,
788 991 819 1043 nt
840 991 953 1043 tauram
975 983 1114 1060 deinceps
1143 1001 1214 1060 ego,
1242 980 1370 1041 dubitari
1392 999 1449 1040 uon

161 1092 256 1162 potest
285 1087 356 1162 quin
385 1086 504 1145 rrraximi
532 1104 596 1145 esse
623 1087 764 1145 momenti
793 1087 855 1145 inre
885 1064 996 1145 rlelreat⁸
1019 1084 1075 1144 boe
1106 1083 1143 1143 ab
1167 1085 1250 1144 lroste
1273 1083 1450 1161 perhibitum

162 1187 231 1247 mibi
255 1188 462 1248 testimonium.
509 1187 655 1264 Principio
679 1186 876 1248 ‘liberatorem
900 1185 1073 1246 Germaniae'
1103 1194 1201 1255 rorat,
1232 1185 1311 1264 quod
1335 1193 1379 1245 ost
1401 1184 1451 1245 ali·

161 1289 231 1366 quid
254 1289 344 1350 eredo
368 1292 511 1367 eripuisse
534 1291 561 1347 ri
583 1307 618 1348 ao
639 1290 730 1350 armis
752 1290 932 1368 proriuriam
955 1288 1094 1348 llomauis
1117 1297 1149 1348 ut
1171 1296 1242 1349 tuno
1264 1288 1399 1356 fuerunt,
1423 1294 1452 1347 et

160 1391 262 1450 iisdem
294 1392 387 1451 inritis
415 1410 589 1470 summoque
618 1400 720 1452 contra
748 1393 812 1452 nisu
843 1390 1018 1450 (puerilibus
1045 1390 1206 1451 vindicasse
1235 1392 1264 1450 in
1287 1389 1449 1449 libertatem

126 1504 237 1571 ltquos
252 1495 363 1553 serviro
379 1491 417 1553 illi
441 1494 641 1555 ‹lei-revereat.
689 1493 807 1561 Deinde,
830 1493 908 1570 qnod
931 1501 1012 1552 rorte
1028 1493 1146 1552 rrrarinri
1161 1493 1208 1559 sit,
1231 1491 1301 1552 illud
1318 1510 1365 1551 me
1388 1492 1518 1554 ‘im-tao.

161 1595 284 1671 perimu'
314 1614 371 1654 uon
401 1615 468 1655 enm
497 1595 679 1656 adolesceret
704 1605 765 1655 tum
795 1603 824 1655 et
852 1596 1077 1654 incrementum
1094 1595 1256 1670 arriperet,
1291 1595 1376 1654 ‘sicut
1403 1592 1451 1654 alii

161 1715 247 1773 reges
269 1697 437 1773 duresrpre',
472 1698 612 1775 Pyrrhus,
636 1706 774 1766 ardmuo,
806 1696 967 1758 dutiorbus
990 1704 1019 1756 et
1041 1699 1094 1756 iste
1116 1695 1276 1765 Hannibal,
1309 1696 1360 1755 sed
1384 1712 1450 1755 rum

162 1799 340 1858 consistebat
362 1800 418 1858 ianr
442 1808 470 1858 et
492 1802 617 1860 unanima
639 1800 777 1868 tlorobat,
808 1817 866 1859 nou
896 1798 1006 1858 bellum
1035 1798 1165 1871 iulorens
1186 1799 1374 1865 sustinuisse,
1403 1817 1451 1857 ve·

162 1918 228 1959 rum
251 1900 329 1960 ultro
352 1899 522 1961 lacessendo
545 1901 635 1961 armis
657 1903 830 1980 irnpetiisso,
865 1919 1014 1978 unuunpre
1043 1919 1077 1958 ex
1101 1899 1239 1959 dumibus
1260 1901 1366 1959 invicte
1389 1897 1449 1958 bel·

127 2000 222 2061 talum
246 2013 348 2062 contra
370 2003 519 2063 lloruauos
541 2005 717 2081 transegisse
739 2005 816 2064 dieit.
862 2021 954 2079 quare
982 2004 1067 2062 etiam
1096 2002 1298 2077 dignissimum
1326 2000 1519 2066 arbitra-§.m

161 2111 208 2162 tur
231 2123 319 2182 quem
335 2104 507 2191 Graecorum
523 2108 632 2183 pariter
648 2112 675 2166 et
690 2106 860 2166 Latinorum
876 2103 996 2164 aurrales
1011 2103 1169 2164 eelebrent.
1193 2102 1303 2175 Quodsi
1319 2103 1449 2162 onmium

161 2224 308 2266 consensu
330 2206 409 2266 nulla
434 2208 487 2267 luit
510 2224 638 2284 uuquam
662 2209 753 2267 maior
776 2225 863 2286 quam
879 2207 1080 2267 Romanorum
1096 2212 1239 2283 potestas,
1263 2204 1375 2265 nullum
1390 2192 1452 2265 amss

160 2306 236 2385 plius
259 2327 274 2367 a
298 2309 416 2368 condito
439 2327 500 2368 aero
523 2311 692 2386 imperinm,
717 2316 745 2368 et
767 2310 822 2369 lios
844 2327 898 2384 ego
923 2309 977 2368 riri
999 2326 1066 2367 enm
1090 2309 1118 2367 in
1141 2306 1215 2367 lloro
1237 2315 1390 2367 essentne
1412 2308 1452 2366 ri·

161 2418 264 2486 gerent
288 2409 462 2488 pluriumm,
487 2413 648 2471 rectissime
669 2429 817 2471 summum
840 2410 1052 2487 lruperatorem
1075 2412 1155 2470 etin
1178 2428 1211 2470 re
1234 2408 1337 2470 bellira
1359 2410 1451 2470 muni·

123 2511 218 2571 robus
246 2519 433 2590 praestantem
462 2532 509 2573 rno
538 2513 724 2573 iudicandum
752 2512 897 2580 arbitror,
931 2513 1072 2573 infinitam
1101 2514 1275 2590 potentiam,
1310 2511 1452 2571 maximas

160 2615 251 2681 rires,
276 2632 423 2674 summum
446 2617 602 2692 imperium
624 2617 673 2692 qui
702 2614 779 2675 bello
807 2616 1022 2692 superaverim:
1057 2617 1111 2675 etsi
1140 2615 1236 2673 minus
1263 2612 1336 2674 nibil
1367 2612 1520 2684 velimru,

107 2762 109 2768 .
161 2733 249 2793 quam
273 2714 397 2776 alienam
420 2717 596 2777 defraudare
617 2715 740 2792 gloriam
762 2725 813 2777 aut
835 2735 936 2778 rerum
959 2716 995 2777 ab
1018 2718 1080 2777 istis
1095 2724 1244 2794 gestarum
1260 2718 1367 2777 lamam
1383 2734 1450 2794 pre·
1508 2720 1513 2729 '

160 2836 251 2877 mere.
298 2836 364 2877 nam
388 2820 554 2897 aequissimo
576 2837 692 2895 semper
714 2821 813 2879 animo
836 2821 945 2891 leram,
969 2827 1096 2897 qrrantus
1118 2819 1242 2897 quisque
1264 2827 1316 2886 est,
1339 2825 1452 2878 tautum

161 2919 263 2980 baberi
286 2920 323 2978 ab
346 2919 497 2988 omnibus,
531 2920 568 2980 de
590 2939 695 2999 meque
718 2939 785 2981 oum
808 2922 919 2987 dicam,
954 2923 1017 2980 siue
1040 2921 1143 2980 invidia
1173 2920 1283 2980 diram:
1318 2921 1372 2980 luit
1393 2920 1450 2980 bor

126 3036 279 3098 assemper
302 3022 430 3081 studium
453 3021 524 3080 nribi
547 3031 668 3101 propter
690 3043 721 3084 se
750 3025 885 3083 virtutem
915 3022 1027 3090 colere:
1062 3023 1103 3107 de·
1126 3022 1220 3098 gloria
1246 3023 1346 3082 curari
1373 3021 1449 3082 baud

162 3121 304 3190 multum,
334 3125 443 3201 quippe
465 3126 534 3182 satis
557 3144 621 3186 esse
643 3127 851 3186 conscientiam
874 3126 942 3185 laeti
964 3125 1140 3193 existimari;
1172 3143 1269 3202 ireque
1292 3142 1372 3184 mmo
1393 3126 1449 3184 iarn
1462 3146 1521 3195 §.m

162 3243 196 3282 ea
219 3231 262 3284 est
284 3226 450 3300 arrogantia
475 3233 506 3285 ut
534 3244 594 3303 prae.
622 3246 670 3286 me
698 3226 769 3286 alios
797 3228 888 3287 eluces
915 3234 1117 3294 cordurunam,
1151 3245 1206 3286 neo
1233 3225 1304 3287 illud
1333 3225 1451 3304 «pridem

162 3325 233 3384 mibi
255 3345 340 3385 sunno
363 3334 395 3385 ut
417 3345 481 3386 esse
504 3327 616 3387 uullnm
640 3346 688 3388 ure
710 3329 894 3405 superiorem
917 3328 1096 3389 contendere
1111 3327 1212 3388 velim:
1236 3330 1333 3406 potius
1347 3329 1371 3387 si
1387 3329 1453 3405 quis

162 3434 221 3493 est,
245 3446 361 3505 aqurnu
383 3446 489 3488 censeo
513 3436 544 3488 nt
566 3430 656 3506 ipsius
678 3449 796 3508 quoque
819 3429 962 3491 habeatur
984 3431 1031 3490 hie
1053 3431 1145 3490 ratio:
1168 3429 1220 3489 sed
1243 3430 1350 3507 (lignus
1371 3431 1451 3489 venia

127 3542 230 3587 merim
253 3529 277 3586 si
300 3546 403 3588 eorum
424 3531 474 3607 qui
497 3530 533 3589 de
556 3530 611 3590 bae
633 3530 719 3592 laude
741 3539 928 3592 certaverunt
950 3532 1060 3599 adlrno,
1095 3550 1128 3590 ex
1159 3532 1336 3591 eorrsoientia
1364 3548 1451 3608 nega·

163 3648 232 3689 reru
256 3629 306 3689 ulli
328 3649 345 3689 a
368 3648 414 3690 me
438 3631 559 3691 eonredi
581 3641 728 3710 oportere.
773 3634 862 3712 idque
893 3633 972 3692 barrd
1001 3641 1113 3693 temere
1140 3634 1249 3693 sentire
1277 3650 1327 3692 me
1354 3640 1451 3693 osteu-

161 3732 243 3799 danr,
267 3733 291 3790 si
314 3732 431 3792 audient
454 3733 515 3797 isti,
540 3741 571 3792 nt
592 3735 745 3794 audituros
768 3735 957 3812 pollicentur,
981 3735 1057 3794 bona
1081 3733 1210 3795 arbitror·
1231 3735 1355 3794 ratione.

224 3854 329 3893 ninus.
367 3833 506 3900 Audierit,
530 3853 584 3911 pro
607 3837 676 3913 ipsis
697 3838 840 3913 spondeo.

226 3956 385 3995 ausimne.
423 3936 554 3995 Primum
585 3938 672 4010 igitur
698 3939 767 4015 ‹pna
803 3939 962 4016 plmiunun
997 3939 1096 3999 lerunt
1129 3942 1158 3999 in
1188 3939 1245 3998 bne
1270 3955 1382 4016 ponne
1411 3945 1520 4011 turn.

126 4035 321 4105 ausonam,
351 4038 430 4113 qumi
459 4057 474 4095 a
503 4037 600 4114 parvis
626 4039 713 4098 initiis
741 4040 776 4098 ad
801 4040 977 4117 amplissima
1001 4042 1181 4103 incrementa
1205 4058 1381 4120 progressus
1402 4041 1450 4109 sis,

161 4137 291 4205 domito,
315 4139 339 4196 si
362 4138 426 4197 lnue
448 4137 539 4213 glanis
567 4140 618 4207 sit,
652 4150 761 4218 «manto
791 4142 934 4202 ‹lebeatnr
962 4143 1033 4202 milri
1064 4145 1174 4204 redins
1202 4162 1289 4221 ‹pnnm
1320 4151 1370 4203 aut
1399 4142 1451 4203 tibi

160 4246 211 4298 aut
233 4238 298 4298 ulli:
332 4259 399 4298 nam
422 4259 526 4300 eornm
549 4226 599 4318 qui
621 4259 671 4301 res
693 4242 849 4320 pra-daras
871 4253 1042 4320 gesserunt,
1077 4264 1165 4306 neum
1192 4244 1353 4306 maioribus
1375 4246 1450 4305 dilli-

160 4340 318 4401 rnltatibus
340 4342 440 4400 orrisus
462 4347 512 4400 ant
533 4343 718 4418 graviuribus
740 4346 816 4404 eirea
840 4346 1056 4423 impedimentis
1078 4347 1221 4408 eluctatus
1243 4354 1296 4408 est.
1334 4347 1381 4421 opi
1397 4365 1449 4425 po·

160 4444 248 4501 tentia
278 4442 396 4518 «pridem
426 4461 490 4503 esse
518 4462 583 4521 qum
611 4430 824 4522 potuit'r‘ebns
851 4448 892 4507 sie
915 4448 1037 4525 perditis
1058 4457 1087 4509 et
1109 4448 1285 4527 deploratis?
1318 4448 1449 4509 arrtlrori·

126 4551 205 4601 roras
229 4562 297 4601 roro
321 4552 352 4603 nt
375 4552 464 4611 osset,
497 4546 557 4622 ipsa
583 4564 640 4605 non
664 4546 777 4606 sinebat
799 4528 887 4608 aetas?
913 4568 1003 4627 «piane
1026 4550 1106 4610 solus
1130 4570 1187 4609 mm
1211 4551 1264 4610 lnit
1287 4550 1451 4611 Alexander

227 4727 248 4759 ²⁶
268 4731 351 4779 foetis
369 4731 428 4778 edd.
