3276 5414
396 258 469 332 564
839 282 956 319 utnuout
980 280 1276 319 ΡΒΙἾΜΙΎΠΣΙΙΕῙ.

459 448 600 504 tlcnius.
638 446 776 500 Tartareae
799 443 842 498 liic
864 441 1027 509 rariiiliciua·
1049 441 1156 501 aditus.
1184 439 1344 496 Cerberus
1369 447 1415 495 est
1438 458 1516 515 quem
1534 442 1637 499 ammio:

397 536 429 591 ad
451 533 545 589 luceam
566 531 641 587 lacus
663 528 876 604 l‘yriplalegeton
899 545 929 583 ac
952 528 1027 600 regia
1049 525 1195 588 Plutonis:
1229 527 1265 582 ed
1302 524 1439 581 dextram
1469 525 1551 581 liiatm
1567 527 1634 602 ilrp

397 620 487 675 cornis
510 618 705 691 imperatorum
729 613 835 669 turlimn
857 612 992 673 continet.
1023 612 1068 685 qni
1100 610 1179 667 illinc
1206 611 1236 666 in
1261 610 1327 665 vita
1353 611 1465 667 divitiis
1487 613 1636 685 muniisque

398 704 490 765 abusu
511 718 604 757 rerum
626 699 738 755 siaarrmis
761 698 966 772 ingrediendum
988 696 1115 772 pentilus.
1138 713 1175 751 ne
1201 695 1343 752 lemures
1368 695 1540 752 insidientur.

330 795 388 845 tlt.
461 785 614 842 Carolus.
651 783 768 840 lulianus
790 792 817 839 et
840 783 925 847 Nero,
948 780 1116 838 [lomiciums
1139 781 1210 838 item
1237 781 1324 855 quod
1353 781 1469 838 undem
1492 782 1609 856 impietati

397 875 465 930 oum
487 870 667 945 supplicium?

462 956 599 1011 (lenius.
636 954 721 1010 Simul
751 970 846 1010 omnes
874 952 1022 1026 liquefacto
1052 950 1162 1025 plumlio
1194 950 1511 1025 frixentiir.ipreeter
1536 969 1601 1008 unum
1623 996 1625 1000 .

399 1058 478 1102 niam,
502 1040 548 1113 qni
572 1040 608 1095 ola
630 1039 753 1095 liceresim
774 1039 889 1094 inanium
911 1037 987 1093 trabe
1008 1037 1147 1092 devinctus
1168 1044 1201 1092 et
1217 1036 1385 1110 supposita
1403 1037 1498 1111 lapide
1514 1038 1611 1111 periere

399 1127 528 1201 quaginta
553 1123 717 1181 talentorum
740 1132 822 1197 atquc
846 1121 1056 1179 insolentissima
1078 1122 1200 1194 podagra
1225 1121 1381 1185 officiium
1415 1141 1481 1197 quae
1502 1123 1527 1179 ei
1547 1125 1629 1179 ueri·

401 1229 489 1286 ponta.
534 1209 684 1265 Alexandro
706 1210 749 1265 eui
773 1216 848 1263 totus
871 1224 924 1263 raon
947 1206 1090 1262 sullecerat
1112 1205 1205 1267 orliis.
1232 1205 1320 1261 locus
1346 1207 1502 1264 dimensus

402 1296 473 1352 learnt
496 1294 613 1368 amplior
634 1294 716 1368 pede,
744 1310 833 1367 eoque
856 1293 943 1349 iacere
964 1299 1122 1347 contentum
1145 1299 1282 1364 oportet;
1318 1290 1407 1347 illius
1433 1310 1501 1349 vero
1523 1310 1625 1367 percu}

333 1388 390 1438 pm.
401 1379 544 1436 ridiculum
568 1379 694 1435 fortassis
718 1377 811 1449 feeerit)
834 1377 860 1432 in
883 1375 983 1447 stagello
1006 1375 1121 1450 nitidam
1149 1375 1288 1430 detentus
1320 1376 1446 1433 calceos
1475 1380 1596 1434 resarcit:
1622 1410 1638 1423 ψ

400 1466 471 1521 arcodi
496 1465 521 1519 in
544 1463 631 1519 malias
653 1463 789 1538 principes
812 1462 947 1517 iaciuntur
967 1459 1063 1517 cele-uli
1086 1460 1119 1516 ub
1142 1461 1243 1516 Aeaco.
1562 1457 1588 1540 [.

465 1548 625 1604 tlarolns.
662 1548 731 1615 Quid
755 1549 840 1621 igitur
862 1546 1005 1621 proliceret
1028 1545 1206 1601 intumescere
1224 1545 1261 1601 sd
1279 1546 1437 1604 modicum
1453 1556 1484 1603 et
1500 1565 1580 1621 regna
1592 1566 1624 1603 m

466 1634 603 1690 Genius.
642 1633 674 1689 u
696 1651 751 1707 quo
774 1632 958 1707 potentiores.
981 1648 1015 1686 eo
1038 1630 1139 1686 maiora
1162 1632 1315 1704 magisque
1343 1650 1381 1689 ac
1408 1633 1631 1707 megisexquiaiu

403 1728 493 1776 incute
515 1720 675 1794 patiuntur?
698 1718 744 1775 sed
767 1726 795 1774 et
818 1716 1027 1773 arnicnissimmu
1049 1724 1156 1789 pratum
1179 1732 1237 1771 non
1262 1714 1359 1790 longe
1385 1717 1490 1780 abest,
1515 1718 1628 1793 parad

466 1804 620 1859 linerolus.
658 1802 725 1871 oum
748 1803 791 1859 liic
813 1801 889 1857 solus
911 1800 1017 1856 neruine
1040 1809 1208 1873 repugnante
1232 1816 1337 1857 secum
1355 1801 1607 1876 diglmliaturedu

334 1898 394 1946 aas,
468 1890 606 1945 tiernus.
643 1887 762 1961 Angelus
790 1895 833 1943 est
866 1886 982 1960 paradisi
1010 1893 1111 1941 custos.
1135 1885 1207 1959 ipsas
1231 1885 1397 1959 pulsemus
1424 1889 1513 1945 sores.
1558 1888 1619 1944 lleos

401 1975 505 2048 aperite
527 1983 648 2031 aetntum
672 1973 759 2028 tores!
794 1996 797 2003 ·

465 2059 592 2115 llelias.
630 2057 725 2113 Salvus
747 2059 800 2118 sis.
824 2056 899 2111 Geni.
924 2056 993 2111 unde
1017 2054 1107 2110 renis?
1130 2063 1156 2109 et
1178 2042 1224 2109 lnc
1248 2056 1394 2129 quisnam
1421 2060 1489 2114 est?

467 2145 604 2200 tleuins.
640 2143 854 2198 Christianorum
878 2140 1028 2214 lmpcrator
1048 2138 1161 2195 tlarolos
1184 2140 1345 2204 niaximus.
1375 2144 1499 2201 unicum
1524 2154 1601 2201 terra

469 2228 597 2284 llelias.
636 2227 805 2283 llaximiliaoi
829 2231 934 2300 nepum?

467 2314 607 2369 (lenius.
645 2313 734 2388 Nepos
756 2329 788 2367 es
811 2311 867 2366 lilio
889 2310 1024 2384 Philippo.

469 2397 593 2454 llelias.
633 2398 711 2453 Adsis
735 2396 814 2457 ielis,
838 2395 1001 2451 beatissime.

469 2483 604 2539 (lenius.
642 2483 752 2538 Ubinam
777 2482 971 2556 Imperatorum
993 2481 1093 2536 cohors
1115 2496 1194 2554 quam
1218 2481 1443 2539 nudiustertius
1467 2486 1584 2542 dimisit

391 2609 396 2620 .
472 2568 597 2624 llelias.
634 2567 707 2623 luter
729 2567 841 2623 arbores
863 2564 1024 2621 delicientur
1046 2583 1100 2621 non
1124 2565 1228 2640 praecari.

469 2655 604 2708 umatus.
642 2653 705 2708 lnlie
729 2660 758 2709 nt
781 2653 807 2707 in
829 2651 987 2706 coercionem
1008 2651 1115 2706 veniant
1137 2650 1216 2710 simul
1240 2668 1352 2708 omnes.

470 2738 595 2793 llelias.
634 2738 736 2811 spone
759 2737 916 2797 erlvenium,
946 2736 978 2791 ad
1007 2736 1070 2791 ostii
1098 2736 1196 2809 opinor
1218 2726 1344 2810 pnls‘um.
1379 2740 1491 2803 videm,
1521 2741 1629 2801 Carole

405 2822 540 2896 eapillicio
563 2824 761 2896 ailriiodumque
783 2821 916 2896 promissa
940 2820 1021 2876 barlin
1045 2820 1223 2876 venerabilem
1246 2824 1367 2878 senem?

471 2908 624 2964 tlarolns.
664 2907 755 2962 l'ideo.

472 2992 596 3048 llelias.
634 2992 828 3048 llaaimilionus
850 3000 901 3047 est.

470 3078 623 3133 llarolus.
661 3077 737 3132 illins
759 3086 848 3134 autem
872 3077 932 3150 epiris
956 3076 1001 3149 qni
1024 3077 1119 3132 dextro
1143 3074 1259 3150 implexo
1282 3073 1408 3135 laracliio
1435 3080 1615 3140 comitatur?

471 3163 600 3219 llelias.
637 3161 749 3217 llaridus
771 3161 817 3217 ille
840 3180 918 3234 quem
941 3176 1069 3235 iiiagnum
1092 3170 1194 3217 vocant.

471 3248 609 3304 tlenios.
640 3249 742 3303 Accede
764 3248 888 3322 propius.

473 3333 627 3389 tlarolus.
664 3329 754 3392 Solve,
779 3341 820 3387 ter
842 3332 954 3388 inaximo
978 3331 1139 3388 Aerariliaoe!

366 3446 399 3483 ···,
474 3417 735 3474 Maxiniilianus.
774 3416 805 3471 u
829 3427 856 3473 tu
880 3435 990 3490 qtloqtte
1013 3418 1125 3473 riiaxime
1147 3417 1219 3472 adsis
1241 3420 1399 3490 prospere!

472 3503 622 3559 tlarailns.
660 3503 743 3570 lteram
767 3501 859 3557 inlices
882 3504 948 3557 estis
966 3504 1011 3575 qni
1027 3503 1101 3558 cudi
1124 3520 1139 3556 e
1162 3499 1269 3558 anaietali
1285 3501 1340 3557 lioe
1357 3520 1484 3563 carcere
1502 3510 1631 3566 divinitat

472 3588 737 3644 llaximiliauns.
775 3586 932 3643 Felicissimi
956 3604 1085 3662 prorsus,
1110 3587 1156 3642 sed
1180 3604 1234 3642 non
1256 3586 1309 3646 nisi
1327 3587 1424 3643 multo
1443 3594 1560 3651 suetiam
1578 3597 1623 3652 nui

410 3675 520 3747 regilius
544 3682 673 3748 plorantur
695 3671 807 3729 deliciae.

474 3759 627 3813 Carolus,
665 3759 732 3826 llrrid
756 3758 807 3813 leuc
831 3775 880 3812 rios
903 3759 1059 3813 anement

342 3861 400 3909 §.ae
474 3842 736 3899 llaairiiiliaaaais.
774 3842 871 3899 llieam
909 3843 956 3898 sed
980 3843 1056 3916 prins
1080 3842 1165 3898 salina
1189 3842 1283 3896 diros:
1307 3841 1359 3898 llic
1376 3843 1506 3903 Curiatiis
1526 3862 1583 3913 est.
1606 3853 1631 3907 li'

411 3931 497 3989 ricus,
521 3929 572 3983 iste
596 3929 761 3988 lodovicus.
786 3929 856 3982 iuxta
874 3927 1017 3983 l'edericns
1040 3945 1116 3983 riaetis
1139 3942 1251 4001 pareus.
1277 3926 1338 3981 iude
1364 3937 1396 3984 et
1422 3931 1537 4009 reliqui
1564 3955 1637 4011 repr

410 4015 482 4070 euim
506 4032 599 4069 narrares
622 4031 781 4087 percensere
805 4031 926 4086 possum.

475 4097 627 4154 Carolus.
666 4099 783 4159 Salute.
807 4097 910 4153 lleroes
933 4098 1043 4172 epitimii,
1068 4115 1119 4153 iana
1143 4098 1251 4153 omncs!

477 4183 557 4238 nivi.
595 4182 626 4238 Et
651 4193 679 4238 tu
701 4183 772 4239 salve
795 4201 919 4257 querque.
944 4200 1048 4238 arconem
1071 4192 1098 4237 et
1122 4191 1215 4238 nostro
1239 4182 1346 4238 imitare
1371 4190 1516 4263 vestigia.

343 4286 400 4334 pm,
476 4268 740 4324 Maxiiarillauiis.
778 4269 823 4324 llic
852 4269 930 4330 nillil,
961 4267 1070 4330 tlarole,
1097 4269 1131 4323 ile
1160 4276 1247 4323 morte
1269 4282 1329 4322 mea
1353 4286 1446 4343 (prtem
1473 4276 1588 4336 linlieut
1612 4281 1638 4337 ln

413 4352 585 4426 opinionem?

542 4472 551 4477 -
561 4471 613 4479 ...—

477 4535 488 4564 ⁹
511 4534 610 4585 Corolo
634 4536 693 4585 scre
716 4534 858 4585 vicenario
882 4539 980 4601 genius
1004 4536 1127 4601 podagro
1150 4540 1227 4584 recto
1250 4536 1447 4592 veticinetun.
1531 4547 1557 4581 ὓ
1583 4550 1630 4602 cf,

411 4633 437 4680 p.
451 4617 508 4666 mil.
563 4617 584 4649 ⁴⁸
603 4618 645 4668 cf.
660 4636 722 4684 png.
737 4621 777 4670 Ἠ.
791 4636 816 4669 r.
831 4621 855 4670 i).
