3276 5414
154 393 274 430 numer
294 393 399 428 SEPTH
418 393 535 428 rssrtvu
555 394 680 430 Cdiffllm·
702 376 744 445 [3.]
764 393 892 429 t’tttrnrts
911 395 946 430 ut·
965 393 1196 429 svruttsrtrrouts
1215 393 1314 428 PVGM·
1368 360 1441 432 569

109 598 148 637 3,
216 552 342 608 Pietas.
380 552 477 614 Video,
507 552 593 614 video,
615 553 736 608 corbos
766 552 855 614 malis.
884 571 965 627 quarn
995 553 1039 625 qui
1068 569 1181 626 syncera
1207 551 1442 626 philosophantur,

109 632 252 731 ‘nempe
274 644 305 692 ut
327 640 407 710 nugis
429 639 483 693 tuis
506 639 724 712 patrocinentur,
748 655 803 712 quo
825 637 938 694 liberius
962 637 1086 712 imponas
1107 637 1197 711 piaebi.

134 738 138 745 ¹
219 721 451 796 Superstitio.
488 722 544 778 Hoc
566 723 686 782 notasti?

218 807 342 864 Pietas.
379 807 410 863 ni
433 825 475 863 me
497 808 652 864 coniectura
675 807 768 865 fallat?
790 808 837 865 sed
860 825 910 881 age
933 825 996 864 num
1019 816 1047 863 et
1068 807 1112 863 alii
1136 816 1200 863 sunt
1216 807 1358 880 inquibus
1373 805 1511 870 fidiqtdt.

151 890 179 946 si
200 892 313 966 quidem
335 893 484 965 contigerit
506 891 569 948 iilos
592 893 697 949 modern
728 892 869 966 resipere?
891 902 934 949 est
956 901 1045 948 mrtem
1069 893 1095 948 in
1117 900 1260 966 promptu:
1285 890 1356 947 bona
1369 891 1442 951 enim

151 975 265 1034 illorum
289 995 352 1052 pars
374 978 466 1033 ridens
489 995 518 1033 se
538 976 658 1034 debrsam
683 978 715 1034 iis
739 978 814 1034 tricis
839 977 967 1034 nreliores
990 976 1082 1037 literas
1105 985 1234 1034 sectatur.

109 1042 146 1085 ²
218 1061 452 1137 Superstitio.
488 1061 560 1119 Nibil
586 1061 679 1118 obest:
708 1063 900 1120 monachorum
931 1062 1037 1119 turbam
1065 1062 1161 1119 ferreis
1183 1062 1305 1118 eatbcuis
1328 1063 1443 1121 vinctam

109 1129 248 1209 *trube
270 1148 336 1203 roibi
359 1147 557 1203 iuratissimam.

218 1231 347 1288 Pietas.
384 1231 454 1300 Quid
476 1234 499 1288 si
521 1240 550 1288 et
572 1232 611 1288 illi
635 1233 741 1306 sapiant
764 1231 865 1289 semel?
943 1306 945 1310 Α

109 1307 145 1365 'b
219 1316 449 1392 Superstitio.
486 1318 571 1374 Citius
593 1316 691 1374 emtum
714 1327 789 1374 ruet:
814 1317 850 1373 ita
872 1317 943 1374 enim
966 1335 996 1374 sc
1018 1316 1269 1374 constitutiunculis
1291 1318 1348 1374 suis
1362 1318 1442 1375 dero·

154 1410 267 1466 rerunt,
290 1410 321 1457 ut
342 1420 479 1476 nimquam
502 1421 531 1458 se
553 1403 632 1460 liceat
654 1402 788 1459 extricari.

218 1486 343 1543 Pietas.
381 1487 431 1556 Qui
453 1505 517 1543 vero
540 1506 571 1544 ex
593 1488 626 1543 iis
648 1488 816 1545 cordatiores
839 1497 915 1550 sunt,
938 1488 1045 1562 sapient
1066 1506 1100 1544 ne
1121 1487 1284 1563 aliquando?
1451 1487 1510 1538 Sti·

220 1572 448 1646 Superstitio
485 1573 512 1628 id
540 1574 652 1629 inarime
681 1581 847 1647 praecautum
876 1591 936 1629 meo
967 1572 1112 1635 beneficio.
1144 1581 1174 1629 ut
1197 1573 1302 1646 siquem
1326 1573 1442 1631 viderint

109 1660 133 1701 ΙΙ
154 1657 321 1730 aspirantem
343 1658 375 1713 ad
399 1657 551 1714 libertatem
575 1658 766 1719 Christianam.
791 1658 853 1714 dico
875 1658 1018 1718 damnent,
1042 1657 1194 1719 eseulcent.
1220 1657 1377 1714 obscurent

111 1732 144 1797 δι
220 1742 348 1798 Pietas.
385 1742 448 1798 Rem
472 1743 638 1818 nephandam
661 1743 715 1799 ais:
739 1742 879 1816 oportebit
901 1743 993 1816 potius
1016 1752 1142 1799 excutere
1165 1744 1217 1799 hoc
1239 1744 1342 1816 iugum.

109 1834 129 1890 ,Ι
221 1826 262 1883 Su
270 1827 450 1901 perstitio.
489 1828 522 1883 De
546 1829 597 1884 hoc
619 1830 692 1884 vaire
715 1828 857 1884 admodum
879 1826 1066 1890 dissimulant.
1090 1846 1123 1885 ne
1139 1827 1178 1883 vel
1194 1826 1294 1884 nralum
1310 1828 1360 1884 sibi
1377 1847 1442 1884 con·

154 1911 271 1968 sciscant
292 1929 429 1968 rumorem
451 1922 497 1968 aut
522 1912 712 1970 offendiculum
735 1921 837 1988 ponant
859 1912 988 1977 insumisa
1011 1913 1040 1969 in
1055 1913 1160 1987 privato
1177 1922 1266 1969 tamen
1282 1931 1330 1970 sua
1346 1914 1441 1969 fruun-

154 2004 202 2052 tur
223 1994 383 2054 iibertate.'
1083 2038 1088 2050 .

109 2096 120 2137 ι
217 2081 346 2138 Pietas.
384 2082 440 2139 Hoc
462 2083 583 2140 maximae
606 2083 717 2157 pietatis
739 2091 766 2139 et
788 2083 953 2157 prudentiae.
983 2092 1013 2139 ut
1036 2101 1119 2156 quurn
1142 2082 1204 2156 quis
1226 2081 1296 2139 liber
1317 2084 1368 2145 sit,
1391 2093 1509 2143 no·t.ra.

120 2165 190 2225 tulit
213 2176 300 2222 bunion
324 2169 392 2223 hamc
414 2168 567 2224 libertatem
590 2169 694 2224 ruinam
717 2185 776 2224 esse
800 2166 914 2242 qrirsillis.
1009 2179 1012 2186 '
1537 2172 1541 2183 '

109 2254 120 2311 i
174 2283 180 2295 ·
218 2252 449 2326 Superstitio.
487 2252 538 2309 Sed
561 2261 589 2308 et
610 2253 705 2309 erebra
727 2252 772 2309 iiia
790 2253 983 2314 illectaurenta.
1007 2252 1198 2314 salutationes.
1221 2253 1338 2316 «leticia,
1361 2253 1443 2310 iiber·

109 2360 118 2397 r
152 2345 238 2399 tates,
262 2332 381 2413 cupedia
403 2337 496 2394 moitis
519 2347 581 2393 sunt
604 2355 658 2394 non
681 2338 784 2395 modica
807 2339 927 2400 occasio.
950 2355 984 2394 ne
1007 2337 1086 2396 facile
1106 2338 1279 2412 acquiescant
1301 2339 1373 2395 sanis
1394 2339 1443 2394 do·

153 2421 260 2478 etriuis.

218 2507 344 2563 Pietas.
383 2508 457 2584 bnpii
488 2517 552 2563 sunt
580 2509 678 2582 igitur,
708 2509 794 2570 iures,
825 2509 957 2570 tatrones,
987 2510 1077 2582 porci,
1107 2508 1278 2565 Pbalarides:
1308 2519 1442 2583 perpetuo

114 2592 213 2648 mauis
236 2599 415 2666 torqueantur
437 2593 613 2657 ceremoniis;
636 2611 723 2668 neque
746 2612 799 2667 ego
821 2611 940 2668 unquam
961 2593 1016 2650 illis
1039 2594 1129 2651 adero.

216 2677 452 2750 Superstitio.
491 2679 517 2735 {d
539 2679 686 2741 curabunt,
711 2678 779 2753 prob
802 2678 922 2742 Christe,
946 2678 1058 2736 scilicet.

217 2762 340 2819 Pietas.
373 2763 469 2819 bbrum
491 2780 540 2819 cnr
562 2764 598 2820 ita
620 2764 793 2821 fascinaveris
815 2764 969 2821 mortalium
992 2782 1088 2837 genus.
1451 2763 1510 2813 2¹³·

217 2847 449 2921 Superstitio.
487 2849 582 2904 Mirum
604 2849 696 2923 potins
719 2867 768 2906 cur
789 2849 938 2909 stultorum
960 2849 1082 2906 infinitus
1103 2857 1146 2906 est
1174 2867 1311 2906 numerus.
1354 2867 1442 2924 neque

152 2933 205 2988 boc
227 2950 324 2988 norum
355 2942 396 2987 est
428 2934 500 3006 quod
529 2951 597 3007 ago.
626 2952 713 3009 neque
742 2935 812 3009 apud
840 2953 909 2991 unos
940 2943 1044 2991 tantum
1066 2924 1218 2992 Germanos
1243 2951 1300 2991 mea
1328 2952 1442 2992 exerceo

110 3016 300 3077 uicensima,
325 3018 371 3073 sed
394 3018 510 3092 abipso
533 3019 625 3075 nrrrndi
648 3020 797 3094 primordio
820 3020 951 3076 maximos
974 3037 1053 3094 reges
1076 3028 1105 3076 et
1127 3020 1278 3093 principes,
1307 3020 1441 3083 nationes

152 3102 306 3175 provincias
329 3120 388 3158 meo
411 3102 517 3159 subdidi
542 3104 669 3179 imperio,
700 3113 843 3178 antequam
872 3122 989 3178 unquam
1020 3113 1082 3160 tuus
1104 3103 1150 3159 ille
1173 3105 1296 3161 Christus
1319 3123 1443 3161 nascere·

154 3195 211 3241 tur:
241 3187 376 3242 enimvero
405 3188 427 3242 si
452 3188 498 3243 tibi
522 3206 675 3245 recenseam
705 3189 770 3262 quid
802 3188 840 3244 itti
872 3189 986 3245 iecerint
1009 3190 1035 3244 in
1059 3190 1157 3251 sacris.
1188 3190 1214 3244 in
1237 3189 1315 3246 festis
1336 3189 1441 3253 diebus,

154 3271 181 3326 in
197 3272 332 3360 §adeundis
357 3272 563 3346 salutandisqne
584 3273 636 3328 diis
659 3275 731 3336 suis,
756 3274 844 3330 omnia
868 3274 1062 3348 propemodum
1079 3280 1143 3329 'nica
1166 3283 1238 3329 sunt.

216 3355 342 3411 Pictas.
380 3357 486 3413 Lubens
504 3359 555 3414 lirae
572 3358 716 3419 airiiierim,
739 3360 821 3414 niorto
841 3359 979 3432 egregiam
997 3358 1069 3413 iilam
1086 3358 1262 3431 imposturam
1285 3376 1440 3432 agnoscam.
1452 3358 1512 3407 §.tn

113 3453 144 3496 aa
219 3441 458 3515 Superstitio·
488 3442 580 3517 Neque
602 3443 668 3499 mibi
690 3460 771 3516 grase
794 3444 846 3499 erit
869 3459 1012 3500 recensere
1035 3441 1143 3499 illorum
1165 3442 1327 3506 stultitiam,
1357 3444 1442 3517 siqui·

151 3526 212 3582 dem
234 3535 280 3581 aut
302 3527 334 3582 ad
359 3527 447 3584 tomas
469 3545 511 3584 nic
533 3528 720 3589 damnassent.
749 3536 797 3583 aut
817 3536 891 3585 certe
916 3527 1076 3589 Vulcanum,
1105 3528 1129 3583 si
1159 3529 1367 3602 perpendissent
1396 3546 1442 3584 ne·
1543 3562 1545 3567 ·
1571 3541 1576 3553 ’

150 3611 222 3685 gocii
245 3612 297 3667 mei
322 3619 378 3668 turn
400 3612 594 3668 absurditatem
618 3621 674 3669 torn
698 3613 851 3669 amentiam.

213 3696 344 3753 Pictas.
382 3696 562 3759 Crediderim.
592 3698 666 3754 velot
694 3698 800 3754 bostem
827 3697 957 3760 deorum,
985 3707 1067 3771 atquc
1096 3695 1247 3759 infelicem,
1275 3707 1304 3753 et
1331 3697 1440 3771 genium

151 3780 249 3836 malurn
274 3780 341 3837 maie
365 3781 548 3838 mulctassent.

112 3880 143 3921 to
217 3867 454 3938 Superstitio.
491 3868 531 3922 dn
554 3884 608 3923 non
631 3885 687 3924 rem
710 3867 838 3941 grandem
862 3867 910 3923 tibi
933 3867 1025 3924 videor
1047 3884 1107 3925 esse
1130 3866 1237 3930 molita,
1261 3868 1332 3942 qnod
1356 3869 1510 3941 nequeam.

151 3950 220 4005 arico
243 3951 349 4007 roiscuis
370 3946 537 4013 ‹tetuserim.'
556 3953 628 4026 quod
650 3953 758 4008 Dianam
781 3953 963 4009 innuentibus
979 3953 1106 4010 oberrare
1122 3954 1306 4015 somniabant,
1330 3953 1440 4009 retundi

150 4035 242 4091 studio
265 4045 293 4091 et
314 4054 410 4092 carrrrm
432 4054 524 4093 aurore
546 4037 681 4094 deditam?
709 4038 804 4094 deinde
826 4039 894 4094 adeo
916 4037 967 4094 sibi
991 4038 1091 4113 imponi
1114 4039 1187 4112 passi
1216 4047 1294 4102 surrt,
1325 4046 1355 4095 ut
1375 4038 1442 4095 deos

150 4119 281 4177 carnibus
303 4122 373 4178 vesci
395 4122 538 4178 crerierent
560 4132 642 4196 atque
664 4121 719 4178 ibis
741 4122 915 4179 lirecatnrnbas
938 4124 1073 4186 iacerent.
1102 4131 1129 4179 ct
1158 4132 1285 4197 tanquam
1307 4133 1441 4179 mercato·

151 4221 195 4259 res
218 4205 273 4260 sint
295 4206 348 4267 bii.
373 4207 495 4279 quaedam
520 4207 612 4268 tbure,
636 4209 758 4280 quedam
781 4208 863 4264 etiarn
885 4225 952 4265 auro
973 4216 1001 4264 et
1023 4208 1113 4263 nornis
1133 4208 1167 4263 ab
1182 4209 1249 4283 ipsis
1264 4207 1442 4270 redemerint:

113 4305 243 4349 aanoune
267 4291 379 4346 nrarrinm
403 4291 563 4365 superstitio
586 4293 696 4348 credere
713 4294 859 4349 Saturnum
882 4293 983 4349 Cretum
1007 4301 1111 4368 patrem
1134 4311 1212 4349 snum
1236 4293 1388 4355 execuisse.
1412 4300 1442 4348 ut

149 4373 208 4448 ipse
232 4376 258 4429 in
283 4393 315 4430 co
340 4386 480 4449 regnaret.
503 4377 600 4433 deinde
623 4377 725 4433 tibcros
748 4395 814 4433 suos
835 4378 992 4441 devorasse,
1016 4377 1086 4435 sicut
1109 4378 1201 4433 ierunt
1224 4378 1320 4434 iecisse
1343 4387 1372 4434 ct
1393 4380 1441 4432 br·

149 4460 240 4532 girum
264 4459 340 4516 ilbnn
364 4461 525 4536 Thyestem?
548 4472 681 4538 praeterea
705 4463 777 4536 quod
801 4463 902 4538 iupiter
924 4463 1017 4520 inrtim
1041 4462 1193 4519 occultatus
1216 4480 1229 4517 a
1253 4462 1325 4519 Rhea
1348 4472 1510 4521 saturabit·

217 4724 241 4759 ³⁰
259 4727 399 4793 lenocinia
419 4733 441 4778 1.
495 4728 517 4760 ⁸⁵
536 4730 639 4781 Coelnm
659 4734 685 4781 3.
743 4727 765 4762 ⁴⁷
782 4730 924 4781 Tbieatem
943 4734 966 4780 t.
