3276 5414
362 414 426 465 IIII.
497 429 635 464 roarvua.
672 428 812 464 nrasoors
830 429 1016 465 nerraurcvs.
1038 413 1121 479 (tata.)

154 603 328 645 serranus.
366 583 465 643 Toties
488 582 546 643 dixi
569 585 641 651 iarn,
666 599 742 643 uxor
765 589 797 643 ut
817 585 862 642 sit.
902 588 905 593 '

155 705 308 747 roarvua.
346 685 428 746 Uxor
450 692 495 745 est
517 683 627 745 bonum
652 685 758 762 igitur?

154 806 326 847 aversare.
365 786 505 858 Quaedam
528 785 653 855 malum,
683 803 737 863 ogo
761 804 831 845 vero
853 785 961 846 bonam
991 793 1074 864 peto,
1105 777 1199 846 ἰστὸν
1222 781 1389 865 ἐποιχομέ-

89 907 172 967 νην,
196 883 252 947 καὶ
275 881 358 965 ι’μόν
379 883 472 966 λέχος
494 881 691 948 ἀντιόωσαν.

67 1006 81 1042 a
156 1002 308 1050 ronrmm.
347 982 432 1048 ittet
454 980 584 1067 γυναῖκ’
609 981 746 1068 ἀγαθὴν
769 985 939 1068 ἐπιτυχεῖν
961 981 1003 1050 οὐ
1025 984 1155 1071 ῥᾴδιον.

154 1110 328 1151 nrrrsuvs
366 1087 426 1150 Nisi
450 1089 567 1149 difficile
589 1098 680 1159 esset,
704 1090 783 1150 domi
806 1108 970 1169 quaererem
993 1098 1022 1150 et
1043 1090 1080 1150 ad
1103 1098 1131 1150 te
1153 1083 1212 1151 non
1229 1091 1382 1151 venissem.

154 1211 305 1252 rourum.
344 1191 518 1267 Coniugium
542 1209 645 1252 omnes
668 1193 778 1270 petitis,
807 1191 1055 1271 quemadmodum
1077 1199 1275 1261 senertntem‚
1304 1192 1456 1252 auo-au.

90 1294 173 1370 quoti
197 1292 320 1353 moleste
343 1292 438 1361 tertis,
462 1310 639 1371 semperque
662 1293 748 1354 turba
770 1295 943 1353 circumstat
965 1312 1012 1353 me
1035 1296 1210 1372 petentium,
1233 1302 1265 1354 ut
1280 1312 1389 1354 errores

90 1394 147 1452 sibi
170 1394 317 1463 auserem,
346 1395 533 1472 imperiosam
557 1393 618 1461 alii,
649 1394 695 1454 alii
718 1396 888 1455 iracundam
912 1402 940 1454 ot
969 1411 1132 1465 morosam,
1163 1395 1211 1455 alii
1234 1395 1388 1461 mmobum.

58 1494 268 1573 mqoibosdam
291 1502 478 1574 sumptuosas
500 1496 595 1555 arianis.
641 1503 671 1556 tu
702 1515 785 1565 vero,
815 1498 862 1556 eni
891 1513 1050 1574 permagna
1080 1504 1124 1557 est
1145 1515 1224 1557 nune
1247 1505 1388 1575 qnantum

92 1582 223 1674 intelligo
244 1595 381 1665 libertae,
404 1599 517 1666 nesoiS,
547 1597 584 1656 ab
606 1598 702 1657 neseis
725 1617 811 1676 (priam
835 1600 900 1658 vitae
923 1600 1181 1658 commutationem
1206 1598 1293 1658 ladas
1316 1619 1389 1659 rixo-

93 1715 156 1757 rem
179 1705 297 1776 petens,
328 1698 385 1758 boe
414 1705 458 1759 est
486 1699 593 1758 durum
616 1698 693 1757 ultro
716 1701 864 1760 servitium
887 1700 938 1759 tibi
962 1718 1133 1759 accersens:
1162 1719 1198 1759 an
1229 1699 1336 1761 oblitus
1358 1718 1390 1759 es

92 1799 260 1871 llesiodmn,
280 1807 396 1878 poetam
426 1799 526 1860 lelices
554 1818 660 1860 vocare
683 1803 812 1878 coniugii
835 1809 988 1881 expertes,
1019 1800 1198 1862 Simonidem
1223 1820 1292 1860 roro
1316 1820 1388 1860 narr·

94 1900 219 1978 fragium
243 1901 296 1961 riri
318 1901 417 1962 dicere
440 1904 583 1962 uxorem?
614 1909 643 1962 et
670 1901 758 1962 alium
788 1904 945 1982 quemdam
974 1909 1114 1981 prestare
1136 1904 1243 1962 ellerre
1266 1920 1388 1963 uxorem

57 2020 83 2060 ra
95 2020 182 2080 quam
206 2001 334 2064 duceret

157 2124 330 2167 rrvrreuvs.
398 2104 461 2165 Nou
484 2123 548 2164 sunt
572 2104 694 2174 oblitus,
718 2107 768 2167 sed
792 2115 959 2167 contemno.
1397 2111 1450 2162 §.to

157 2226 310 2267 ronrvua.
349 2206 502 2285 Sapientes
525 2208 601 2266 viros
623 2210 797 2267 contemnis.

77 2378 84 2393 ι
157 2328 330 2369 uvrrsuvs.
368 2308 404 2367 At
426 2309 496 2368 mibi
519 2311 666 2386 sapientes
689 2327 747 2368 uon
771 2310 906 2369 violentur
935 2311 985 2389 qui
1014 2311 1055 2369 sio
1085 2312 1257 2388 epulantur,
1286 2327 1389 2370 romam

94 2411 267 2469 sententiam
297 2409 423 2487 qumloro
451 2411 501 2489 qni
529 2429 595 2470 eum
627 2428 720 2489 usque
742 2411 817 2472 adeo
838 2410 909 2471 nihii
933 2410 1035 2472 intenti
1058 2418 1156 2471 essent
1177 2414 1220 2473 roi
1243 2411 1389 2490 parandae,

59 2518 127 2570 not
149 2530 203 2570 nor
227 2511 346 2570 alonium
371 2510 514 2570 baberent
536 2513 704 2590 propriam,
733 2514 796 2573 siue
819 2513 960 2573 uxorilms
983 2521 1080 2573 tarrreo
1104 2513 1199 2573 rivere
1221 2513 1389 2580 utdnerunt.

95 2621 123 2672 et
151 2613 201 2691 qui
231 2613 394 2672 existimant
422 2611 546 2690 probam
576 2615 731 2691 eorriogem
762 2614 868 2674 (lortius
895 2633 959 2674 esse
986 2615 1112 2683 soniam,
1142 2622 1170 2674 et
1192 2632 1330 2691 ariagnem
1353 2615 1388 2674 ad

95 2715 148 2774 dri
176 2713 344 2774 felicitatem
373 2720 563 2775 tiliamentum.
609 2714 754 2775 Praeterea
785 2716 820 2775 ad
850 2715 919 2775 illud
948 2718 1040 2776 otium
1069 2717 1148 2794 quod
1177 2735 1274 2794 pam,-
1296 2734 1390 2776 errore

95 2834 170 2894 opus
198 2822 243 2875 est
271 2833 337 2894 (μιν
365 2815 484 2875 ιΙοιιιιιιιι
513 2815 598 2875 nobis
629 2822 728 2884 eoret,
758 2835 862 2895 inagna
892 2836 938 2877 me
962 2817 1001 2877 ibi
1023 2816 1124 2877 levans
1146 2816 1293 2882 molestia.
1324 2836 1390 2896 qum

94 2918 173 2976 eirea
197 2917 302 2976 vietrtm
326 2924 375 2975 aut
396 2916 560 2995 parandum
584 2925 633 2977 aot
656 2917 889 2977 conservandum
912 2917 1019 2978 auritio
1049 2920 1101 2986 sit,
1133 2937 1168 2977 ex
1197 2937 1254 2996 qua
1281 2918 1391 2979 liberos

60 3017 202 3077 satollere
225 3017 323 3086 liceat,
347 3036 412 3095 qim
434 3018 576 3096 siquando
600 3025 740 3095 aegrotem
764 3020 872 3089 loreat,
902 3020 972 3090 alat,
1001 3027 1116 3099 paseat,
1145 3028 1243 3089 curet,
1273 3039 1339 3098 quae
1360 3021 1389 3078 ln

95 3120 179 3179 taralis
201 3117 286 3178 sinrul
310 3116 420 3188 doleat,
444 3120 472 3179 ln
496 3119 581 3180 branis
604 3119 839 3197 congratuletur,
862 3123 892 3182 iu
914 3123 999 3182 euius
1021 3121 1108 3181 veluti
1130 3122 1226 3181 sirium
1248 3120 1333 3181 liceat
1349 3120 1390 3180 el·

95 3222 221 3282 strodere
245 3220 384 3299 quiequid
408 3221 445 3280 ita
468 3223 555 3281 allicit
578 3223 724 3292 animum,
750 3230 781 3283 ut
810 3225 955 3284 contineri
977 3241 1037 3283 non
1060 3223 1216 3291 sustineat,
1246 3223 1296 3282 sed
1320 3240 1390 3282 con·

94 3323 188 3382 seium
211 3328 331 3400 (paraenet.

160 3442 313 3485 rourum.
351 3424 413 3494 Qua
437 3424 472 3484 ad
494 3423 566 3485 illud
589 3444 664 3504 opos
686 3433 730 3486 est
745 3428 851 3496 etiarm,
874 3445 939 3505 quae
954 3424 1085 3486 rnolesiia
1101 3424 1190 3493 leret.
1214 3443 1280 3505 qum
1295 3434 1459 3502 aegro-§.eu

59 3533 207 3585 aotarrtem
235 3532 334 3594 curet,
364 3528 393 3586 in
420 3527 505 3586 cuiuis
533 3528 629 3587 sinum
657 3527 742 3588 lie-eat
769 3527 935 3597 effundere,
968 3527 1080 3588 scillcet
1112 3536 1161 3587 aut
1187 3544 1291 3587 omnes
1323 3533 1391 3586 sorti

97 3696 170 3705 ——e-
177 3697 227 3703 ·---
240 3697 301 3703 .-

165 3812 175 3842 ³
199 3813 309 3862 llomer.
330 3812 410 3863 Iliad.
431 3816 451 3864 I.
471 3813 513 3865 31.
549 3832 629 3881 „quie
654 3816 737 3867 telam
765 3823 910 3882 percurrat
932 3831 1075 3880 meunrque
1105 3815 1206 3865 loeium
1229 3815 1390 3880 participet.

96 3899 205 3959 (droca
221 3901 247 3947 ia
265 3899 324 3949 edd.
343 3915 479 3963 perpernae
498 3916 626 3964 expressa
642 3903 722 3967 aaut.)
786 3893 897 3952 I’Aiioi
916 3899 984 3966 aab]
1005 3901 1058 3950 Sed
1078 3901 1176 3950 bonam
1195 3916 1305 3949 uxorem
1324 3915 1390 3949 nan-

97 3984 168 4033 eiaei
186 3982 260 4032 borrel
280 3982 363 4031 facile
384 3993 433 4032 est.
471 3985 577 4050 Iliplrili
596 3986 737 4036 sententio
751 4002 794 4052 op.
809 3986 884 4036 Slob.
900 3985 993 4036 Floril.
1008 3985 1133 4035 nxvnl.
1147 3984 1189 4033 ⁶21.
1208 3985 1268 4034 lraec
1283 3989 1324 4033 ost
1338 3983 1391 4033 Γν·

97 4059 198 4124 ναικὸς
215 4056 333 4132 α’γαθῆς
352 4057 496 4132 ἐπιτυχεῖν
514 4058 550 4119 ον’
568 4061 678 4139 §pitiana
732 4069 754 4103 ¹³
770 4071 884 4122 Hesiod.
898 4077 922 4120 et
935 4067 1078 4135 Simonid]
1098 4070 1152 4131 Qui
1170 4069 1274 4119 similia
1287 4069 1390 4133 dieunt,

97 4152 178 4201 multi
196 4156 260 4201 ιιιιιι
278 4156 306 4201 et
324 4168 367 4218 ap.
382 4152 457 4203 Stob.
472 4154 722 4219 Floril.LXVIlI.,
748 4156 797 4205 sed
816 4171 882 4220 quos
906 4171 939 4203 ex
957 4155 1080 4204 Hesiodo
1098 4154 1292 4219 Simonide-que
1316 4153 1392 4204 loeos

96 4237 261 4297 larinates,
282 4251 370 4302 neque
389 4239 418 4286 in
438 4239 505 4303 ipsis
524 4239 617 4289 borma
636 4245 780 4305 poetarum
798 4240 922 4304 reliquiis
940 4240 1060 4304 repperi.
1131 4235 1309 4302 Simonidem]
1328 4254 1392 4287 nom

98 4322 135 4371 ad
152 4320 302 4371 Simonidis
326 4323 496 4388 epigramma
518 4324 589 4388 quod
612 4327 657 4373 est
673 4323 784 4374 Anthol.
803 4322 863 4374 Pal.
877 4325 908 4373 V.
926 4323 982 4374 tot.
1002 4324 1109 4385 (Poetae
1131 4321 1213 4385 lyrici
1232 4323 1324 4372 Graeci
1349 4323 1391 4372 ed.

96 4407 201 4472 Bergk.
214 4422 240 4472 p.
254 4405 326 4469 797.)
360 4407 513 4457 Haltenum
535 4408 561 4463 lr,
581 4408 598 4457 l.
618 4409 737 4471 referre,
763 4424 823 4458 cum
841 4413 964 4458 velerum
988 4415 1130 4473 praetorum
1156 4408 1183 4456 in
1206 4407 1259 4456 boe
1282 4407 1393 4470 dialogo

97 4491 218 4540 adhibiti
236 4491 289 4540 lori
308 4491 366 4541 lere
385 4507 480 4541 omnes
498 4509 531 4541 ex
544 4492 654 4544 Stobmo
672 4493 827 4557 deprompti
844 4493 910 4551 sint,
932 4496 977 4541 vix
996 4493 1168 4541 crediderim.
1196 4490 1282 4540 hobel
1301 4497 1393 4539 nartem

95 4571 150 4626 hoe
163 4577 334 4641 epigramma
352 4612 405 4638 „...
420 4566 459 4626 ἔν’
472 4567 585 4642 ἑκάστη,
602 4575 606 4643 Ι
621 4569 755 4642 γυμνούς,
776 4576 908 4642 νααηγῶν
919 4565 1042 4641 ἥσσονας
1054 4567 1215 4642 ἓξὲβαλον.”
1264 4572 1285 4606 ¹⁴
1297 4572 1392 4639 alium]

96 4662 306 4710 chaeremonem
332 4676 375 4727 sp.
394 4662 470 4712 Stob.
488 4661 585 4712 Floril.
608 4662 733 4713 LXVIII.
753 4662 794 4711 22.
819 4661 949 4712 Γυναῖκα
973 4655 1099 4712 θάπτειν
1122 4650 1252 4724 κρεῖττόν
1275 4649 1351 4709 ἐστιν
1373 4649 1394 4724 ἢ

96 4748 212 4813 γαμεῖν.
306 4772 315 4781 ·
