<?xml version="1.0" encoding="UTF-8"?>
<!DOCTYPE html PUBLIC "-//W3C//DTD XHTML 1.0 Transitional//EN"
    "http://www.w3.org/TR/xhtml1/DTD/xhtml1-transitional.dtd">
<html xmlns="http://www.w3.org/1999/xhtml" xml:lang="en" lang="en">
 <head>
  <title>
</title>
<meta http-equiv="Content-Type" content="text/html;charset=utf-8" />
  <meta name='ocr-system' content='tesseract 3.04.00' />
  <meta name='ocr-capabilities' content='ocr_page ocr_carea ocr_par ocr_line ocrx_word'/>
</head>
<body>
  <div class='ocr_page' id='page_1' title='image "./ulrichihuttenie10huttgoog_0631.png"; bbox 0 0 3276 5414; ppageno 0'>
   <div class='ocr_carea' id='block_1_1' title="bbox 351 1208 1513 1310">
    <p class='ocr_par' dir='ltr' id='par_1_1' title="bbox 351 1208 1513 1310">
     <span class='ocr_line' id='line_1_1' title="bbox 351 1208 1513 1310; baseline -0.006 -20"><span class='ocrx_word' id='word_1_1' title='bbox 351 1211 822 1291; x_wconf 81' lang='lat' dir='ltr'><strong>APOPHTHEGMATA</strong></span> <span class='ocrx_word' id='word_1_2' title='bbox 854 1208 1068 1288; x_wconf 84' lang='lat' dir='ltr'>VADISOI</span> <span class='ocrx_word' id='word_1_3' title='bbox 1099 1210 1186 1310; x_wconf 14' lang='lat' dir='ltr'><strong>ET*</strong></span> <span class='ocrx_word' id='word_1_4' title='bbox 1210 1208 1513 1305; x_wconf 78' lang='lat' dir='ltr'>PASQVILLI</span> 
     </span>
    </p>
   </div>
   <div class='ocr_carea' id='block_1_2' title="bbox 615 1332 1231 1405">
    <p class='ocr_par' dir='ltr' id='par_1_2' title="bbox 615 1332 1231 1405">
     <span class='ocr_line' id='line_1_2' title="bbox 615 1332 1231 1405; baseline -0.006 -1"><span class='ocrx_word' id='word_1_5' title='bbox 615 1353 665 1405; x_wconf 84' lang='lat' dir='ltr'><strong>ua</strong></span> <span class='ocrx_word' id='word_1_6' title='bbox 684 1350 879 1403; x_wconf 77' lang='lat' dir='ltr'><strong>cosuvrro</strong></span> <span class='ocrx_word' id='word_1_7' title='bbox 897 1332 1013 1401; x_wconf 71' lang='lat' dir='ltr'><strong>suari</strong></span> <span class='ocrx_word' id='word_1_8' title='bbox 1030 1348 1231 1401; x_wconf 69' lang='lat' dir='ltr'><strong>uocausrm</strong></span> 
     </span>
    </p>
   </div>
   <div class='ocr_carea' id='block_1_3' title="bbox 223 1523 1608 3730">
    <p class='ocr_par' dir='ltr' id='par_1_3' title="bbox 223 1523 1589 1944">
     <span class='ocr_line' id='line_1_3' title="bbox 223 1523 1576 1599; baseline -0.001 -13"><span class='ocrx_word' id='word_1_9' title='bbox 223 1536 267 1586; x_wconf 72' lang='lat' dir='ltr'><strong>bt.</strong></span> <span class='ocrx_word' id='word_1_10' title='bbox 341 1528 434 1583; x_wconf 81' lang='lat' dir='ltr'><strong>ltiait</strong></span> <span class='ocrx_word' id='word_1_11' title='bbox 455 1527 632 1583; x_wconf 80' lang='lat' dir='ltr'><strong>Vatliscus.</strong></span> <span class='ocrx_word' id='word_1_12' title='bbox 671 1525 804 1599; x_wconf 77' lang='lat' dir='ltr'><strong>Theologi</strong></span> <span class='ocrx_word' id='word_1_13' title='bbox 833 1525 1016 1581; x_wconf 85' lang='lat' dir='ltr'><strong>Romanenses</strong></span> <span class='ocrx_word' id='word_1_14' title='bbox 1043 1523 1181 1598; x_wconf 77' lang='lat' dir='ltr'>duplicem</span> <span class='ocrx_word' id='word_1_15' title='bbox 1211 1524 1384 1581; x_wconf 85' lang='lat' dir='ltr'><strong>Ecclesiam</strong></span> <span class='ocrx_word' id='word_1_16' title='bbox 1413 1524 1576 1597; x_wconf 72' lang='lat' dir='ltr'><strong>distinguunt.</strong></span> 
     </span>
     <span class='ocr_line' id='line_1_4' title="bbox 278 1610 1576 1687; baseline -0.005 -17"><span class='ocrx_word' id='word_1_17' title='bbox 278 1631 357 1671; x_wconf 76' lang='lat' dir='ltr'><strong>tritam</strong></span> <span class='ocrx_word' id='word_1_18' title='bbox 380 1612 546 1685; x_wconf 72' lang='lat' dir='ltr'><strong>gratantum,</strong></span> <span class='ocrx_word' id='word_1_19' title='bbox 570 1612 649 1667; x_wconf 89' lang='lat' dir='ltr'><strong>aliam</strong></span> <span class='ocrx_word' id='word_1_20' title='bbox 672 1610 830 1687; x_wconf 85' lang='lat' dir='ltr'><strong>specialem,</strong></span> <span class='ocrx_word' id='word_1_21' title='bbox 855 1611 880 1666; x_wconf 90' lang='lat' dir='ltr'><strong>id</strong></span> <span class='ocrx_word' id='word_1_22' title='bbox 903 1619 944 1666; x_wconf 88' lang='lat' dir='ltr'><strong>cst</strong></span> <span class='ocrx_word' id='word_1_23' title='bbox 959 1610 1114 1671; x_wconf 84' lang='lat' dir='ltr'><strong>Ilouianam.</strong></span> <span class='ocrx_word' id='word_1_24' title='bbox 1138 1627 1204 1683; x_wconf 78' lang='lat' dir='ltr'><strong>quae</strong></span> <span class='ocrx_word' id='word_1_25' title='bbox 1230 1617 1356 1666; x_wconf 84' lang='lat' dir='ltr'><strong>constat</strong></span> <span class='ocrx_word' id='word_1_26' title='bbox 1383 1627 1419 1665; x_wconf 81' lang='lat' dir='ltr'><strong>cx</strong></span> <span class='ocrx_word' id='word_1_27' title='bbox 1444 1610 1543 1665; x_wconf 83' lang='lat' dir='ltr'><strong>Iuribus</strong></span> <span class='ocrx_word' id='word_1_28' title='bbox 1558 1620 1576 1663; x_wconf 81' lang='lat' dir='ltr'><strong>u</strong></span> 
     </span>
     <span class='ocr_line' id='line_1_5' title="bbox 276 1694 1589 1768; baseline -0.002 -13"><span class='ocrx_word' id='word_1_29' title='bbox 276 1697 445 1760; x_wconf 85' lang='lat' dir='ltr'><strong>latronibus,</strong></span> <span class='ocrx_word' id='word_1_30' title='bbox 469 1716 501 1753; x_wconf 80' lang='lat' dir='ltr'><strong>eu</strong></span> <span class='ocrx_word' id='word_1_31' title='bbox 523 1698 672 1753; x_wconf 89' lang='lat' dir='ltr'><strong>simoniaco</strong></span> <span class='ocrx_word' id='word_1_32' title='bbox 695 1697 836 1757; x_wconf 80' lang='lat' dir='ltr'><strong>Potitibce.</strong></span> <span class='ocrx_word' id='word_1_33' title='bbox 866 1713 897 1751; x_wconf 83' lang='lat' dir='ltr'><strong>eu</strong></span> <span class='ocrx_word' id='word_1_34' title='bbox 921 1694 1115 1768; x_wconf 77' lang='lat' dir='ltr'><strong>impostoribus</strong></span> <span class='ocrx_word' id='word_1_35' title='bbox 1138 1702 1167 1750; x_wconf 88' lang='lat' dir='ltr'><strong>et</strong></span> <span class='ocrx_word' id='word_1_36' title='bbox 1190 1694 1370 1767; x_wconf 84' lang='lat' dir='ltr'><strong>sacrilegis.</strong></span> <span class='ocrx_word' id='word_1_37' title='bbox 1403 1713 1437 1750; x_wconf 83' lang='lat' dir='ltr'><strong>ex</strong></span> <span class='ocrx_word' id='word_1_38' title='bbox 1462 1696 1589 1752; x_wconf 68' lang='lat' dir='ltr'><strong>Iranrlatwa</strong></span> 
     </span>
     <span class='ocr_line' id='line_1_6' title="bbox 277 1779 1578 1856; baseline -0.003 -17"><span class='ocrx_word' id='word_1_39' title='bbox 277 1784 353 1840; x_wconf 89' lang='lat' dir='ltr'><strong>ribus</strong></span> <span class='ocrx_word' id='word_1_40' title='bbox 375 1791 403 1840; x_wconf 88' lang='lat' dir='ltr'><strong>ct</strong></span> <span class='ocrx_word' id='word_1_41' title='bbox 425 1784 552 1845; x_wconf 84' lang='lat' dir='ltr'><strong>notauiis,</strong></span> <span class='ocrx_word' id='word_1_42' title='bbox 576 1801 608 1839; x_wconf 82' lang='lat' dir='ltr'><strong>eu</strong></span> <span class='ocrx_word' id='word_1_43' title='bbox 630 1781 815 1838; x_wconf 75' lang='lat' dir='ltr'><strong>adulatoribus</strong></span> <span class='ocrx_word' id='word_1_44' title='bbox 837 1781 977 1856; x_wconf 85' lang='lat' dir='ltr'><strong>Episcopis</strong></span> <span class='ocrx_word' id='word_1_45' title='bbox 1001 1780 1110 1836; x_wconf 80' lang='lat' dir='ltr'><strong>bomani</strong></span> <span class='ocrx_word' id='word_1_46' title='bbox 1132 1779 1301 1854; x_wconf 77' lang='lat' dir='ltr'><strong>pontilicis,</strong></span> <span class='ocrx_word' id='word_1_47' title='bbox 1328 1780 1439 1836; x_wconf 84' lang='lat' dir='ltr'><strong>scribis</strong></span> <span class='ocrx_word' id='word_1_48' title='bbox 1462 1790 1489 1836; x_wconf 92' lang='lat' dir='ltr'><strong>et</strong></span> <span class='ocrx_word' id='word_1_49' title='bbox 1510 1782 1578 1849; x_wconf 54' lang='lat' dir='ltr'><strong>irtio</strong></span> 
     </span>
     <span class='ocr_line' id='line_1_7' title="bbox 279 1868 551 1944; baseline -0.015 -19"><span class='ocrx_word' id='word_1_50' title='bbox 279 1888 329 1925; x_wconf 89' lang='lat' dir='ltr'><strong>uus</strong></span> <span class='ocrx_word' id='word_1_51' title='bbox 350 1868 551 1944; x_wconf 71' lang='lat' dir='ltr'><strong>deceptoribus,</strong></span> 
     </span>
    </p>

    <p class='ocr_par' dir='ltr' id='par_1_4' title="bbox 224 1947 1600 2622">
     <span class='ocr_line' id='line_1_8' title="bbox 224 1947 1578 2026; baseline -0.001 -18"><span class='ocrx_word' id='word_1_52' title='bbox 224 1947 269 1999; x_wconf 61' lang='grc' dir='ltr'><strong>Η·</strong></span> <span class='ocrx_word' id='word_1_53' title='bbox 341 1954 433 2009; x_wconf 82' lang='lat' dir='ltr'><strong>ltixit</strong></span> <span class='ocrx_word' id='word_1_54' title='bbox 455 1952 664 2026; x_wconf 74' lang='lat' dir='ltr'><strong>l‘asquillus.</strong></span> <span class='ocrx_word' id='word_1_55' title='bbox 702 1951 786 2008; x_wconf 83' lang='lat' dir='ltr'><strong>Hodie</strong></span> <span class='ocrx_word' id='word_1_56' title='bbox 810 1951 948 2026; x_wconf 87' lang='lat' dir='ltr'><strong>impletum</strong></span> <span class='ocrx_word' id='word_1_57' title='bbox 971 1958 1013 2007; x_wconf 90' lang='lat' dir='ltr'><strong>est</strong></span> <span class='ocrx_word' id='word_1_58' title='bbox 1036 1950 1062 2005; x_wconf 90' lang='lat' dir='ltr'><strong>in</strong></span> <span class='ocrx_word' id='word_1_59' title='bbox 1085 1949 1227 2024; x_wconf 79' lang='lat' dir='ltr'><strong>praelatis,</strong></span> <span class='ocrx_word' id='word_1_60' title='bbox 1255 1951 1468 2007; x_wconf 84' lang='lat' dir='ltr'><strong>sacerdotibus</strong></span> <span class='ocrx_word' id='word_1_61' title='bbox 1491 1961 1518 2008; x_wconf 90' lang='lat' dir='ltr'><strong>et</strong></span> <span class='ocrx_word' id='word_1_62' title='bbox 1536 1968 1578 2007; x_wconf 82' lang='lat' dir='ltr'><strong>ua·</strong></span> 
     </span>
     <span class='ocr_line' id='line_1_9' title="bbox 279 2035 1578 2112; baseline -0.002 -17"><span class='ocrx_word' id='word_1_63' title='bbox 279 2039 372 2095; x_wconf 83' lang='lat' dir='ltr'><strong>trachis</strong></span> <span class='ocrx_word' id='word_1_64' title='bbox 395 2038 467 2112; x_wconf 81' lang='lat' dir='ltr'><strong>‹qarorl</strong></span> <span class='ocrx_word' id='word_1_65' title='bbox 491 2038 600 2112; x_wconf 78' lang='lat' dir='ltr'><strong>scripsit</strong></span> <span class='ocrx_word' id='word_1_66' title='bbox 615 2037 758 2095; x_wconf 86' lang='lat' dir='ltr'><strong>llalacbias</strong></span> <span class='ocrx_word' id='word_1_67' title='bbox 780 2038 912 2112; x_wconf 85' lang='lat' dir='ltr'><strong>propbeta</strong></span> <span class='ocrx_word' id='word_1_68' title='bbox 928 2054 967 2093; x_wconf 87' lang='lat' dir='ltr'><strong>ca.</strong></span> <span class='ocrx_word' id='word_1_69' title='bbox 983 2036 1011 2092; x_wconf 89' lang='lat' dir='ltr'><strong>ii.</strong></span> <span class='ocrx_word' id='word_1_70' title='bbox 1035 2035 1123 2092; x_wconf 80' lang='lat' dir='ltr'><strong>‘labia</strong></span> <span class='ocrx_word' id='word_1_71' title='bbox 1138 2035 1303 2091; x_wconf 86' lang='lat' dir='ltr'><strong>sacerdotis</strong></span> <span class='ocrx_word' id='word_1_72' title='bbox 1321 2037 1497 2093; x_wconf 84' lang='lat' dir='ltr'><strong>custodiunt</strong></span> <span class='ocrx_word' id='word_1_73' title='bbox 1511 2036 1578 2094; x_wconf 74' lang='lat' dir='ltr'><strong>scier</strong></span> 
     </span>
     <span class='ocr_line' id='line_1_10' title="bbox 279 2119 1597 2198; baseline -0.002 -20"><span class='ocrx_word' id='word_1_74' title='bbox 279 2124 367 2187; x_wconf 77' lang='lat' dir='ltr'><strong>tiam,</strong></span> <span class='ocrx_word' id='word_1_75' title='bbox 392 2133 417 2180; x_wconf 89' lang='lat' dir='ltr'><strong>ct</strong></span> <span class='ocrx_word' id='word_1_76' title='bbox 435 2123 521 2198; x_wconf 80' lang='lat' dir='ltr'><strong>legem</strong></span> <span class='ocrx_word' id='word_1_77' title='bbox 539 2125 680 2197; x_wconf 90' lang='lat' dir='ltr'><strong>requirent</strong></span> <span class='ocrx_word' id='word_1_78' title='bbox 703 2140 734 2178; x_wconf 83' lang='lat' dir='ltr'><strong>ea</strong></span> <span class='ocrx_word' id='word_1_79' title='bbox 758 2139 805 2178; x_wconf 88' lang='lat' dir='ltr'><strong>ore</strong></span> <span class='ocrx_word' id='word_1_80' title='bbox 828 2123 896 2183; x_wconf 85' lang='lat' dir='ltr'><strong>cius,</strong></span> <span class='ocrx_word' id='word_1_81' title='bbox 920 2122 981 2197; x_wconf 90' lang='lat' dir='ltr'><strong>qnia</strong></span> <span class='ocrx_word' id='word_1_82' title='bbox 999 2119 1111 2195; x_wconf 71' lang='lat' dir='ltr'><strong>angelus</strong></span> <span class='ocrx_word' id='word_1_83' title='bbox 1134 2119 1241 2176; x_wconf 80' lang='lat' dir='ltr'><strong>altinaiui</strong></span> <span class='ocrx_word' id='word_1_84' title='bbox 1261 2124 1451 2179; x_wconf 73' lang='lat' dir='ltr'><strong>exercituum</strong></span> <span class='ocrx_word' id='word_1_85' title='bbox 1469 2132 1523 2181; x_wconf 86' lang='lat' dir='ltr'><strong>est:</strong></span> <span class='ocrx_word' id='word_1_86' title='bbox 1543 2141 1597 2179; x_wconf 79' lang='lat' dir='ltr'><strong>uua</strong></span> 
     </span>
     <span class='ocr_line' id='line_1_11' title="bbox 280 2203 1579 2282; baseline -0.002 -18"><span class='ocrx_word' id='word_1_87' title='bbox 280 2217 378 2265; x_wconf 86' lang='lat' dir='ltr'><strong>‘autem</strong></span> <span class='ocrx_word' id='word_1_88' title='bbox 395 2209 547 2264; x_wconf 85' lang='lat' dir='ltr'><strong>recessistis</strong></span> <span class='ocrx_word' id='word_1_89' title='bbox 562 2209 595 2264; x_wconf 73' lang='lat' dir='ltr'><strong>ile</strong></span> <span class='ocrx_word' id='word_1_90' title='bbox 619 2208 658 2263; x_wconf 57' lang='lat' dir='ltr'><strong>itia</strong></span> <span class='ocrx_word' id='word_1_91' title='bbox 681 2216 707 2264; x_wconf 95' lang='lat' dir='ltr'><strong>et</strong></span> <span class='ocrx_word' id='word_1_92' title='bbox 731 2207 931 2263; x_wconf 78' lang='lat' dir='ltr'><strong>scanslalisastis</strong></span> <span class='ocrx_word' id='word_1_93' title='bbox 953 2205 1086 2280; x_wconf 87' lang='lat' dir='ltr'><strong>plurimos</strong></span> <span class='ocrx_word' id='word_1_94' title='bbox 1110 2206 1135 2260; x_wconf 93' lang='lat' dir='ltr'><strong>iu</strong></span> <span class='ocrx_word' id='word_1_95' title='bbox 1159 2203 1236 2278; x_wconf 84' lang='lat' dir='ltr'><strong>lege.</strong></span> <span class='ocrx_word' id='word_1_96' title='bbox 1267 2206 1390 2279; x_wconf 84' lang='lat' dir='ltr'><strong>irritum</strong></span> <span class='ocrx_word' id='word_1_97' title='bbox 1416 2209 1527 2265; x_wconf 77' lang='lat' dir='ltr'><strong>secestis</strong></span> <span class='ocrx_word' id='word_1_98' title='bbox 1546 2227 1579 2282; x_wconf 81' lang='lat' dir='ltr'><strong>pa·</strong></span> 
     </span>
     <span class='ocr_line' id='line_1_12' title="bbox 280 2290 1579 2365; baseline -0.002 -16"><span class='ocrx_word' id='word_1_99' title='bbox 280 2302 362 2349; x_wconf 84' lang='lat' dir='ltr'><strong>‘ctum</strong></span> <span class='ocrx_word' id='word_1_100' title='bbox 378 2294 453 2357; x_wconf 86' lang='lat' dir='ltr'><strong>Levi,</strong></span> <span class='ocrx_word' id='word_1_101' title='bbox 476 2295 541 2350; x_wconf 89' lang='lat' dir='ltr'><strong>dicit</strong></span> <span class='ocrx_word' id='word_1_102' title='bbox 557 2293 683 2349; x_wconf 77' lang='lat' dir='ltr'><strong>clotariuus</strong></span> <span class='ocrx_word' id='word_1_103' title='bbox 706 2293 891 2348; x_wconf 70' lang='lat' dir='ltr'><strong>caercituum.⁸</strong></span> <span class='ocrx_word' id='word_1_104' title='bbox 935 2292 1003 2359; x_wconf 78' lang='lat' dir='ltr'><strong>Qun</strong></span> <span class='ocrx_word' id='word_1_105' title='bbox 1026 2308 1092 2364; x_wconf 79' lang='lat' dir='ltr'><strong>ergo</strong></span> <span class='ocrx_word' id='word_1_106' title='bbox 1115 2291 1138 2345; x_wconf 87' lang='lat' dir='ltr'><strong>si</strong></span> <span class='ocrx_word' id='word_1_107' title='bbox 1159 2290 1365 2365; x_wconf 85' lang='lat' dir='ltr'><strong>despiciantur</strong></span> <span class='ocrx_word' id='word_1_108' title='bbox 1391 2295 1449 2350; x_wconf 90' lang='lat' dir='ltr'><strong>iam</strong></span> <span class='ocrx_word' id='word_1_109' title='bbox 1473 2295 1579 2349; x_wconf 64' lang='lat' dir='ltr'><strong>sacculo</strong></span> 
     </span>
     <span class='ocr_line' id='line_1_13' title="bbox 281 2376 1579 2452; baseline -0.003 -16"><span class='ocrx_word' id='word_1_110' title='bbox 281 2380 339 2436; x_wconf 83' lang='lat' dir='ltr'><strong>tos?</strong></span> <span class='ocrx_word' id='word_1_111' title='bbox 369 2388 578 2452; x_wconf 87' lang='lat' dir='ltr'><strong>promeruerunt</strong></span> <span class='ocrx_word' id='word_1_112' title='bbox 601 2378 652 2434; x_wconf 84' lang='lat' dir='ltr'><strong>ltoc</strong></span> <span class='ocrx_word' id='word_1_113' title='bbox 675 2386 783 2451; x_wconf 89' lang='lat' dir='ltr'><strong>peccata</strong></span> <span class='ocrx_word' id='word_1_114' title='bbox 807 2378 943 2451; x_wconf 79' lang='lat' dir='ltr'><strong>ipsorum:</strong></span> <span class='ocrx_word' id='word_1_115' title='bbox 970 2384 997 2431; x_wconf 88' lang='lat' dir='ltr'><strong>et</strong></span> <span class='ocrx_word' id='word_1_116' title='bbox 1020 2377 1042 2430; x_wconf 88' lang='lat' dir='ltr'><strong>si</strong></span> <span class='ocrx_word' id='word_1_117' title='bbox 1065 2376 1242 2438; x_wconf 68' lang='lat' dir='ltr'><strong>amiciantur,</strong></span> <span class='ocrx_word' id='word_1_118' title='bbox 1278 2387 1522 2437; x_wconf 88' lang='lat' dir='ltr'><strong>contemnantur.</strong></span> <span class='ocrx_word' id='word_1_119' title='bbox 1546 2380 1579 2432; x_wconf 75' lang='lat' dir='ltr'><strong>le</strong></span> 
     </span>
     <span class='ocr_line' id='line_1_14' title="bbox 281 2461 1578 2538; baseline 0 -21"><span class='ocrx_word' id='word_1_120' title='bbox 281 2464 452 2538; x_wconf 71' lang='lat' dir='ltr'><strong>protientur.</strong></span> <span class='ocrx_word' id='word_1_121' title='bbox 477 2466 557 2520; x_wconf 89' lang='lat' dir='ltr'><strong>imaro</strong></span> <span class='ocrx_word' id='word_1_122' title='bbox 574 2464 655 2520; x_wconf 91' lang='lat' dir='ltr'><strong>etiam</strong></span> <span class='ocrx_word' id='word_1_123' title='bbox 671 2462 830 2537; x_wconf 80' lang='lat' dir='ltr'><strong>relegentur</strong></span> <span class='ocrx_word' id='word_1_124' title='bbox 844 2463 876 2519; x_wconf 77' lang='lat' dir='ltr'><strong>erl</strong></span> <span class='ocrx_word' id='word_1_125' title='bbox 892 2470 997 2525; x_wconf 84' lang='lat' dir='ltr'><strong>aratra,</strong></span> <span class='ocrx_word' id='word_1_126' title='bbox 1022 2461 1072 2517; x_wconf 90' lang='lat' dir='ltr'><strong>boc</strong></span> <span class='ocrx_word' id='word_1_127' title='bbox 1088 2462 1114 2516; x_wconf 95' lang='lat' dir='ltr'><strong>iu</strong></span> <span class='ocrx_word' id='word_1_128' title='bbox 1131 2478 1188 2516; x_wconf 89' lang='lat' dir='ltr'><strong>rom</strong></span> <span class='ocrx_word' id='word_1_129' title='bbox 1205 2462 1342 2535; x_wconf 86' lang='lat' dir='ltr'><strong>ipsorum</strong></span> <span class='ocrx_word' id='word_1_130' title='bbox 1361 2474 1426 2527; x_wconf 86' lang='lat' dir='ltr'><strong>est,</strong></span> <span class='ocrx_word' id='word_1_131' title='bbox 1453 2474 1484 2520; x_wconf 90' lang='lat' dir='ltr'><strong>ut</strong></span> <span class='ocrx_word' id='word_1_132' title='bbox 1499 2467 1578 2519; x_wconf 81' lang='lat' dir='ltr'><strong>arriana</strong></span> 
     </span>
     <span class='ocr_line' id='line_1_15' title="bbox 282 2546 1600 2622; baseline -0.003 -17"><span class='ocrx_word' id='word_1_133' title='bbox 282 2546 392 2605; x_wconf 89' lang='lat' dir='ltr'><strong>illorum</strong></span> <span class='ocrx_word' id='word_1_134' title='bbox 415 2548 495 2604; x_wconf 78' lang='lat' dir='ltr'><strong>salvan</strong></span> <span class='ocrx_word' id='word_1_135' title='bbox 517 2550 572 2604; x_wconf 85' lang='lat' dir='ltr'><strong>sint</strong></span> <span class='ocrx_word' id='word_1_136' title='bbox 596 2549 622 2604; x_wconf 81' lang='lat' dir='ltr'><strong>ln</strong></span> <span class='ocrx_word' id='word_1_137' title='bbox 645 2548 760 2610; x_wconf 86' lang='lat' dir='ltr'><strong>iudicio.</strong></span> <span class='ocrx_word' id='word_1_138' title='bbox 784 2548 846 2622; x_wconf 88' lang='lat' dir='ltr'><strong>quia</strong></span> <span class='ocrx_word' id='word_1_139' title='bbox 869 2565 923 2604; x_wconf 91' lang='lat' dir='ltr'><strong>uon</strong></span> <span class='ocrx_word' id='word_1_140' title='bbox 947 2547 1045 2603; x_wconf 82' lang='lat' dir='ltr'><strong>iutlieat</strong></span> <span class='ocrx_word' id='word_1_141' title='bbox 1067 2547 1133 2602; x_wconf 84' lang='lat' dir='ltr'><strong>dctis</strong></span> <span class='ocrx_word' id='word_1_142' title='bbox 1156 2546 1243 2602; x_wconf 88' lang='lat' dir='ltr'><strong>bisin</strong></span> <span class='ocrx_word' id='word_1_143' title='bbox 1262 2546 1414 2622; x_wconf 84' lang='lat' dir='ltr'><strong>idipsuui;</strong></span> <span class='ocrx_word' id='word_1_144' title='bbox 1440 2558 1469 2606; x_wconf 90' lang='lat' dir='ltr'><strong>et</strong></span> <span class='ocrx_word' id='word_1_145' title='bbox 1484 2550 1600 2606; x_wconf 79' lang='lat' dir='ltr'><strong>‹launnaa</strong></span> 
     </span>
    </p>

    <p class='ocr_par' dir='ltr' id='par_1_5' title="bbox 250 2630 1580 2878">
     <span class='ocr_line' id='line_1_16' title="bbox 250 2630 1580 2708; baseline 0 -19"><span class='ocrx_word' id='word_1_146' title='bbox 250 2632 255 2643; x_wconf 86' lang='lat'>&#39;</span> <span class='ocrx_word' id='word_1_147' title='bbox 281 2651 390 2707; x_wconf 90' lang='lat' dir='ltr'><strong>quoque</strong></span> <span class='ocrx_word' id='word_1_148' title='bbox 412 2634 518 2690; x_wconf 77' lang='lat' dir='ltr'><strong>dicente</strong></span> <span class='ocrx_word' id='word_1_149' title='bbox 540 2634 577 2688; x_wconf 82' lang='lat' dir='ltr'><strong>‘Si</strong></span> <span class='ocrx_word' id='word_1_150' title='bbox 601 2634 662 2708; x_wconf 84' lang='lat' dir='ltr'><strong>qaris</strong></span> <span class='ocrx_word' id='word_1_151' title='bbox 684 2632 901 2689; x_wconf 75' lang='lat' dir='ltr'><strong>scandalisquerit</strong></span> <span class='ocrx_word' id='word_1_152' title='bbox 929 2650 1011 2688; x_wconf 79' lang='lat' dir='ltr'><strong>tinum</strong></span> <span class='ocrx_word' id='word_1_153' title='bbox 1040 2631 1073 2687; x_wconf 79' lang='lat' dir='ltr'><strong>ile</strong></span> <span class='ocrx_word' id='word_1_154' title='bbox 1101 2630 1208 2705; x_wconf 82' lang='lat' dir='ltr'><strong>pusillis</strong></span> <span class='ocrx_word' id='word_1_155' title='bbox 1238 2631 1308 2688; x_wconf 85' lang='lat' dir='ltr'><strong>istis</strong></span> <span class='ocrx_word' id='word_1_156' title='bbox 1340 2635 1395 2707; x_wconf 92' lang='lat' dir='ltr'><strong>qui</strong></span> <span class='ocrx_word' id='word_1_157' title='bbox 1421 2636 1450 2690; x_wconf 91' lang='lat' dir='ltr'><strong>iu</strong></span> <span class='ocrx_word' id='word_1_158' title='bbox 1475 2652 1518 2691; x_wconf 86' lang='lat' dir='ltr'><strong>ure</strong></span> <span class='ocrx_word' id='word_1_159' title='bbox 1536 2652 1580 2690; x_wconf 76' lang='lat' dir='ltr'><strong>crr-</strong></span> 
     </span>
     <span class='ocr_line' id='line_1_17' title="bbox 281 2708 1579 2795; baseline -0.002 -20"><span class='ocrx_word' id='word_1_160' title='bbox 281 2720 370 2781; x_wconf 83' lang='lat' dir='ltr'><strong>‘dnut‚</strong></span> <span class='ocrx_word' id='word_1_161' title='bbox 394 2718 490 2775; x_wconf 91' lang='lat' dir='ltr'><strong>melius</strong></span> <span class='ocrx_word' id='word_1_162' title='bbox 513 2727 555 2774; x_wconf 93' lang='lat' dir='ltr'><strong>est</strong></span> <span class='ocrx_word' id='word_1_163' title='bbox 578 2728 607 2775; x_wconf 88' lang='lat' dir='ltr'><strong>ut</strong></span> <span class='ocrx_word' id='word_1_164' title='bbox 630 2713 812 2793; x_wconf 83' lang='lat' dir='ltr'><strong>suspendatur</strong></span> <span class='ocrx_word' id='word_1_165' title='bbox 834 2717 904 2774; x_wconf 88' lang='lat' dir='ltr'><strong>rnola</strong></span> <span class='ocrx_word' id='word_1_166' title='bbox 927 2718 1041 2774; x_wconf 86' lang='lat' dir='ltr'><strong>asinaria</strong></span> <span class='ocrx_word' id='word_1_167' title='bbox 1064 2717 1090 2772; x_wconf 92' lang='lat' dir='ltr'><strong>in</strong></span> <span class='ocrx_word' id='word_1_168' title='bbox 1112 2715 1183 2773; x_wconf 86' lang='lat' dir='ltr'><strong>callo</strong></span> <span class='ocrx_word' id='word_1_169' title='bbox 1207 2708 1270 2773; x_wconf 70' lang='lat' dir='ltr'><strong>eius</strong></span> <span class='ocrx_word' id='word_1_170' title='bbox 1296 2726 1327 2773; x_wconf 86' lang='lat' dir='ltr'><strong>et</strong></span> <span class='ocrx_word' id='word_1_171' title='bbox 1351 2720 1579 2795; x_wconf 64' lang='lat' dir='ltr'><strong>praecipitatura</strong></span> 
     </span>
     <span class='ocr_line' id='line_1_18' title="bbox 283 2802 1053 2878; baseline -0.004 -18"><span class='ocrx_word' id='word_1_172' title='bbox 283 2814 378 2867; x_wconf 78' lang='lat' dir='ltr'><strong>mare,</strong></span> <span class='ocrx_word' id='word_1_173' title='bbox 402 2822 482 2877; x_wconf 93' lang='lat' dir='ltr'><strong>quam</strong></span> <span class='ocrx_word' id='word_1_174' title='bbox 503 2803 663 2860; x_wconf 81' lang='lat' dir='ltr'><strong>scantialiset</strong></span> <span class='ocrx_word' id='word_1_175' title='bbox 686 2821 768 2859; x_wconf 83' lang='lat' dir='ltr'><strong>tinum</strong></span> <span class='ocrx_word' id='word_1_176' title='bbox 790 2804 823 2859; x_wconf 82' lang='lat' dir='ltr'><strong>alo</strong></span> <span class='ocrx_word' id='word_1_177' title='bbox 845 2802 952 2878; x_wconf 78' lang='lat' dir='ltr'><strong>pusillis</strong></span> <span class='ocrx_word' id='word_1_178' title='bbox 975 2802 1053 2858; x_wconf 83' lang='lat' dir='ltr'><strong>istis&#39;</strong></span> 
     </span>
    </p>

    <p class='ocr_par' dir='ltr' id='par_1_6' title="bbox 225 2886 1608 3559">
     <span class='ocr_line' id='line_1_19' title="bbox 225 2886 1581 2964; baseline -0.001 -20"><span class='ocrx_word' id='word_1_179' title='bbox 225 2892 270 2940; x_wconf 72' lang='lat' dir='ltr'><strong>§.a</strong></span> <span class='ocrx_word' id='word_1_180' title='bbox 345 2889 436 2944; x_wconf 85' lang='lat' dir='ltr'><strong>Iliait</strong></span> <span class='ocrx_word' id='word_1_181' title='bbox 459 2889 635 2945; x_wconf 79' lang='lat' dir='ltr'><strong>Vatliscus.</strong></span> <span class='ocrx_word' id='word_1_182' title='bbox 674 2888 739 2944; x_wconf 86' lang='lat' dir='ltr'><strong>l&#39;ere</strong></span> <span class='ocrx_word' id='word_1_183' title='bbox 762 2889 813 2944; x_wconf 85' lang='lat' dir='ltr'><strong>ianr</strong></span> <span class='ocrx_word' id='word_1_184' title='bbox 837 2889 862 2943; x_wconf 91' lang='lat' dir='ltr'><strong>in</strong></span> <span class='ocrx_word' id='word_1_185' title='bbox 886 2889 1006 2944; x_wconf 87' lang='lat' dir='ltr'><strong>llomauo</strong></span> <span class='ocrx_word' id='word_1_186' title='bbox 1028 2886 1155 2962; x_wconf 72' lang='lat' dir='ltr'><strong>prrrtitibco</strong></span> <span class='ocrx_word' id='word_1_187' title='bbox 1177 2895 1205 2941; x_wconf 89' lang='lat' dir='ltr'><strong>et</strong></span> <span class='ocrx_word' id='word_1_188' title='bbox 1226 2888 1345 2943; x_wconf 63' lang='lat' dir='ltr'><strong>cacteris</strong></span> <span class='ocrx_word' id='word_1_189' title='bbox 1362 2888 1503 2947; x_wconf 75' lang='lat' dir='ltr'><strong>Ecclesiae</strong></span> <span class='ocrx_word' id='word_1_190' title='bbox 1524 2907 1581 2964; x_wconf 70' lang='lat' dir='ltr'><strong>pre</strong></span> 
     </span>
     <span class='ocr_line' id='line_1_20' title="bbox 280 2973 1603 3050; baseline -0.003 -19"><span class='ocrx_word' id='word_1_191' title='bbox 280 2974 343 3031; x_wconf 86' lang='lat' dir='ltr'><strong>latis</strong></span> <span class='ocrx_word' id='word_1_192' title='bbox 365 2973 529 3050; x_wconf 88' lang='lat' dir='ltr'><strong>completum</strong></span> <span class='ocrx_word' id='word_1_193' title='bbox 553 2983 595 3030; x_wconf 87' lang='lat' dir='ltr'><strong>cst</strong></span> <span class='ocrx_word' id='word_1_194' title='bbox 618 2975 688 3047; x_wconf 77' lang='lat' dir='ltr'><strong>rquotl</strong></span> <span class='ocrx_word' id='word_1_195' title='bbox 712 2974 779 3029; x_wconf 81' lang='lat' dir='ltr'><strong>nim</strong></span> <span class='ocrx_word' id='word_1_196' title='bbox 801 2975 892 3030; x_wconf 78' lang='lat' dir='ltr'><strong>Esaias</strong></span> <span class='ocrx_word' id='word_1_197' title='bbox 915 2973 1048 3047; x_wconf 85' lang='lat' dir='ltr'><strong>propbeta</strong></span> <span class='ocrx_word' id='word_1_198' title='bbox 1071 2974 1229 3045; x_wconf 78' lang='lat' dir='ltr'><strong>‘Argentum</strong></span> <span class='ocrx_word' id='word_1_199' title='bbox 1253 2981 1338 3029; x_wconf 91' lang='lat' dir='ltr'><strong>tuum</strong></span> <span class='ocrx_word' id='word_1_200' title='bbox 1364 2992 1485 3032; x_wconf 78' lang='lat' dir='ltr'><strong>versum</strong></span> <span class='ocrx_word' id='word_1_201' title='bbox 1506 2984 1546 3030; x_wconf 86' lang='lat' dir='ltr'><strong>est</strong></span> <span class='ocrx_word' id='word_1_202' title='bbox 1559 2976 1603 3028; x_wconf 80' lang='lat' dir='ltr'><strong>ina</strong></span> 
     </span>
     <span class='ocr_line' id='line_1_21' title="bbox 282 3057 1583 3134; baseline -0.002 -19"><span class='ocrx_word' id='word_1_203' title='bbox 282 3061 421 3122; x_wconf 71' lang='lat' dir='ltr'><strong>⁴scoriam,</strong></span> <span class='ocrx_word' id='word_1_204' title='bbox 444 3077 581 3134; x_wconf 82' lang='lat' dir='ltr'><strong>caupones</strong></span> <span class='ocrx_word' id='word_1_205' title='bbox 610 3061 648 3114; x_wconf 91' lang='lat' dir='ltr'><strong>tui</strong></span> <span class='ocrx_word' id='word_1_206' title='bbox 672 3060 785 3116; x_wconf 86' lang='lat' dir='ltr'><strong>miscent</strong></span> <span class='ocrx_word' id='word_1_207' title='bbox 808 3060 870 3115; x_wconf 88' lang='lat' dir='ltr'><strong>vino</strong></span> <span class='ocrx_word' id='word_1_208' title='bbox 893 3076 1004 3132; x_wconf 68' lang='lat' dir='ltr'><strong>atpium</strong></span> <span class='ocrx_word' id='word_1_209' title='bbox 1035 3059 1170 3132; x_wconf 87' lang='lat' dir='ltr'><strong>principes</strong></span> <span class='ocrx_word' id='word_1_210' title='bbox 1194 3058 1233 3111; x_wconf 90' lang='lat' dir='ltr'><strong>tui</strong></span> <span class='ocrx_word' id='word_1_211' title='bbox 1257 3057 1437 3116; x_wconf 88' lang='lat' dir='ltr'><strong>obedientes</strong></span> <span class='ocrx_word' id='word_1_212' title='bbox 1461 3062 1530 3117; x_wconf 87' lang='lat' dir='ltr'><strong>socii</strong></span> <span class='ocrx_word' id='word_1_213' title='bbox 1551 3062 1583 3113; x_wconf 92' lang='lat' dir='ltr'><strong>lu·</strong></span> 
     </span>
     <span class='ocr_line' id='line_1_22' title="bbox 281 3141 1583 3218; baseline -0.003 -18"><span class='ocrx_word' id='word_1_214' title='bbox 281 3155 364 3207; x_wconf 70' lang='lat' dir='ltr'><strong>uum,</strong></span> <span class='ocrx_word' id='word_1_215' title='bbox 388 3163 482 3201; x_wconf 86' lang='lat' dir='ltr'><strong>ornnes</strong></span> <span class='ocrx_word' id='word_1_216' title='bbox 496 3145 614 3218; x_wconf 80' lang='lat' dir='ltr'><strong>diligunt</strong></span> <span class='ocrx_word' id='word_1_217' title='bbox 637 3162 761 3207; x_wconf 81' lang='lat' dir='ltr'><strong>ritrrarcra.</strong></span> <span class='ocrx_word' id='word_1_218' title='bbox 785 3152 937 3217; x_wconf 90' lang='lat' dir='ltr'><strong>sequuntur</strong></span> <span class='ocrx_word' id='word_1_219' title='bbox 959 3142 1165 3203; x_wconf 84' lang='lat' dir='ltr'><strong>retributiones,</strong></span> <span class='ocrx_word' id='word_1_220' title='bbox 1188 3141 1302 3215; x_wconf 84' lang='lat' dir='ltr'><strong>Pupillo</strong></span> <span class='ocrx_word' id='word_1_221' title='bbox 1326 3161 1390 3199; x_wconf 91' lang='lat' dir='ltr'><strong>uon</strong></span> <span class='ocrx_word' id='word_1_222' title='bbox 1409 3146 1543 3206; x_wconf 83' lang='lat' dir='ltr'><strong>italicant.</strong></span> <span class='ocrx_word' id='word_1_223' title='bbox 1562 3153 1583 3198; x_wconf 85' lang='lat' dir='ltr'><strong>et</strong></span> 
     </span>
     <span class='ocr_line' id='line_1_23' title="bbox 277 3227 1585 3302; baseline -0.001 -16"><span class='ocrx_word' id='word_1_224' title='bbox 277 3240 371 3300; x_wconf 69' lang='lat' dir='ltr'><strong>:causa</strong></span> <span class='ocrx_word' id='word_1_225' title='bbox 392 3231 479 3287; x_wconf 70' lang='lat' dir='ltr'><strong>ricluze</strong></span> <span class='ocrx_word' id='word_1_226' title='bbox 501 3248 556 3286; x_wconf 77' lang='lat' dir='ltr'><strong>nrm</strong></span> <span class='ocrx_word' id='word_1_227' title='bbox 580 3230 734 3302; x_wconf 80' lang='lat' dir='ltr'><strong>ingreditur</strong></span> <span class='ocrx_word' id='word_1_228' title='bbox 755 3231 787 3285; x_wconf 75' lang='lat' dir='ltr'><strong>acl</strong></span> <span class='ocrx_word' id='word_1_229' title='bbox 811 3228 887 3293; x_wconf 89' lang='lat' dir='ltr'><strong>illos;</strong></span> <span class='ocrx_word' id='word_1_230' title='bbox 910 3237 938 3284; x_wconf 91' lang='lat' dir='ltr'><strong>et</strong></span> <span class='ocrx_word' id='word_1_231' title='bbox 961 3229 1021 3284; x_wconf 87' lang='lat' dir='ltr'><strong>ideo</strong></span> <span class='ocrx_word' id='word_1_232' title='bbox 1037 3246 1089 3283; x_wconf 92' lang='lat' dir='ltr'><strong>uon</strong></span> <span class='ocrx_word' id='word_1_233' title='bbox 1107 3227 1204 3283; x_wconf 86' lang='lat' dir='ltr'><strong>iuimia</strong></span> <span class='ocrx_word' id='word_1_234' title='bbox 1220 3228 1366 3285; x_wconf 88' lang='lat' dir='ltr'><strong>sustinent</strong></span> <span class='ocrx_word' id='word_1_235' title='bbox 1387 3231 1585 3287; x_wconf 70' lang='lat' dir='ltr'><strong>contumelia?</strong></span> 
     </span>
     <span class='ocr_line' id='line_1_24' title="bbox 282 3312 1585 3390; baseline -0.002 -19"><span class='ocrx_word' id='word_1_236' title='bbox 282 3324 311 3372; x_wconf 92' lang='lat' dir='ltr'><strong>ut</strong></span> <span class='ocrx_word' id='word_1_237' title='bbox 335 3316 403 3371; x_wconf 83' lang='lat' dir='ltr'><strong>itlem</strong></span> <span class='ocrx_word' id='word_1_238' title='bbox 426 3315 508 3390; x_wconf 91' lang='lat' dir='ltr'><strong>paulu</strong></span> <span class='ocrx_word' id='word_1_239' title='bbox 531 3324 595 3389; x_wconf 90' lang='lat' dir='ltr'><strong>post</strong></span> <span class='ocrx_word' id='word_1_240' title='bbox 618 3315 706 3389; x_wconf 92' lang='lat' dir='ltr'><strong>iuquit</strong></span> <span class='ocrx_word' id='word_1_241' title='bbox 729 3314 794 3371; x_wconf 78' lang='lat' dir='ltr'><strong>‘llou</strong></span> <span class='ocrx_word' id='word_1_242' title='bbox 815 3313 980 3370; x_wconf 90' lang='lat' dir='ltr'><strong>consolabor</strong></span> <span class='ocrx_word' id='word_1_243' title='bbox 1002 3331 1084 3387; x_wconf 91' lang='lat' dir='ltr'><strong>super</strong></span> <span class='ocrx_word' id='word_1_244' title='bbox 1105 3312 1231 3368; x_wconf 83' lang='lat' dir='ltr'><strong>hostibus</strong></span> <span class='ocrx_word' id='word_1_245' title='bbox 1255 3313 1343 3376; x_wconf 86' lang='lat' dir='ltr'><strong>meis,</strong></span> <span class='ocrx_word' id='word_1_246' title='bbox 1376 3324 1410 3370; x_wconf 91' lang='lat' dir='ltr'><strong>et</strong></span> <span class='ocrx_word' id='word_1_247' title='bbox 1435 3316 1585 3373; x_wconf 81' lang='lat' dir='ltr'><strong>riualicabar</strong></span> 
     </span>
     <span class='ocr_line' id='line_1_25' title="bbox 281 3400 1608 3474; baseline -0.006 -16"><span class='ocrx_word' id='word_1_248' title='bbox 281 3402 322 3458; x_wconf 81' lang='lat' dir='ltr'><strong>‘de</strong></span> <span class='ocrx_word' id='word_1_249' title='bbox 346 3400 461 3457; x_wconf 91' lang='lat' dir='ltr'><strong>inimicis</strong></span> <span class='ocrx_word' id='word_1_250' title='bbox 482 3401 564 3462; x_wconf 88' lang='lat' dir='ltr'><strong>meis,</strong></span> <span class='ocrx_word' id='word_1_251' title='bbox 594 3409 621 3456; x_wconf 89' lang='lat' dir='ltr'><strong>ot</strong></span> <span class='ocrx_word' id='word_1_252' title='bbox 650 3401 681 3455; x_wconf 81' lang='lat' dir='ltr'><strong>aal</strong></span> <span class='ocrx_word' id='word_1_253' title='bbox 710 3418 806 3474; x_wconf 88' lang='lat' dir='ltr'><strong>purum</strong></span> <span class='ocrx_word' id='word_1_254' title='bbox 835 3416 981 3472; x_wconf 83' lang='lat' dir='ltr'><strong>excoquam</strong></span> <span class='ocrx_word' id='word_1_255' title='bbox 1009 3400 1125 3455; x_wconf 87' lang='lat' dir='ltr'><strong>scoriam</strong></span> <span class='ocrx_word' id='word_1_256' title='bbox 1154 3414 1251 3458; x_wconf 86' lang='lat' dir='ltr'><strong>meatu.</strong></span> <span class='ocrx_word' id='word_1_257' title='bbox 1282 3407 1311 3453; x_wconf 89' lang='lat' dir='ltr'><strong>et</strong></span> <span class='ocrx_word' id='word_1_258' title='bbox 1344 3401 1481 3458; x_wconf 80' lang='lat' dir='ltr'><strong>araseram</strong></span> <span class='ocrx_word' id='word_1_259' title='bbox 1512 3413 1608 3457; x_wconf 80' lang='lat' dir='ltr'><strong>omma</strong></span> 
     </span>
     <span class='ocr_line' id='line_1_26' title="bbox 281 3485 920 3559; baseline -0.002 -18"><span class='ocrx_word' id='word_1_260' title='bbox 281 3488 416 3542; x_wconf 86' lang='lat' dir='ltr'><strong>‘stauunni</strong></span> <span class='ocrx_word' id='word_1_261' title='bbox 440 3493 528 3548; x_wconf 83' lang='lat' dir='ltr'><strong>turim,</strong></span> <span class='ocrx_word' id='word_1_262' title='bbox 552 3494 579 3540; x_wconf 89' lang='lat' dir='ltr'><strong>et</strong></span> <span class='ocrx_word' id='word_1_263' title='bbox 601 3485 725 3559; x_wconf 78' lang='lat' dir='ltr'><strong>purgabo</strong></span> <span class='ocrx_word' id='word_1_264' title='bbox 748 3485 818 3541; x_wconf 85' lang='lat' dir='ltr'><strong>tilios</strong></span> <span class='ocrx_word' id='word_1_265' title='bbox 840 3485 920 3540; x_wconf 65' lang='lat' dir='ltr'><strong>Laui!</strong></span> 
     </span>
    </p>

    <p class='ocr_par' dir='ltr' id='par_1_7' title="bbox 226 3567 1586 3730">
     <span class='ocr_line' id='line_1_27' title="bbox 226 3567 1586 3645; baseline 0.001 -22"><span class='ocrx_word' id='word_1_266' title='bbox 226 3574 271 3623; x_wconf 69' lang='lat' dir='ltr'><strong>§.t</strong></span> <span class='ocrx_word' id='word_1_267' title='bbox 346 3571 434 3626; x_wconf 80' lang='lat' dir='ltr'><strong>ltisit</strong></span> <span class='ocrx_word' id='word_1_268' title='bbox 455 3569 667 3645; x_wconf 82' lang='lat' dir='ltr'><strong>Pasqnillus.</strong></span> <span class='ocrx_word' id='word_1_269' title='bbox 706 3570 874 3644; x_wconf 79' lang='lat' dir='ltr'><strong>Corripletum</strong></span> <span class='ocrx_word' id='word_1_270' title='bbox 903 3578 944 3625; x_wconf 86' lang='lat' dir='ltr'><strong>est</strong></span> <span class='ocrx_word' id='word_1_271' title='bbox 972 3569 999 3624; x_wconf 82' lang='lat' dir='ltr'><strong>ln</strong></span> <span class='ocrx_word' id='word_1_272' title='bbox 1023 3569 1103 3624; x_wconf 90' lang='lat' dir='ltr'><strong>lloma</strong></span> <span class='ocrx_word' id='word_1_273' title='bbox 1134 3567 1205 3641; x_wconf 81' lang='lat' dir='ltr'><strong>quorl</strong></span> <span class='ocrx_word' id='word_1_274' title='bbox 1229 3568 1368 3641; x_wconf 87' lang='lat' dir='ltr'><strong>scriptum</strong></span> <span class='ocrx_word' id='word_1_275' title='bbox 1396 3580 1446 3626; x_wconf 88' lang='lat' dir='ltr'><strong>est</strong></span> <span class='ocrx_word' id='word_1_276' title='bbox 1470 3571 1537 3627; x_wconf 84' lang='lat' dir='ltr'><strong>oliui</strong></span> <span class='ocrx_word' id='word_1_277' title='bbox 1557 3571 1586 3626; x_wconf 76' lang='lat' dir='ltr'><strong>«le</strong></span> 
     </span>
     <span class='ocr_line' id='line_1_28' title="bbox 282 3653 1585 3730; baseline -0.004 -18"><span class='ocrx_word' id='word_1_278' title='bbox 282 3656 432 3729; x_wconf 78' lang='lat' dir='ltr'><strong>llabplouc:</strong></span> <span class='ocrx_word' id='word_1_279' title='bbox 455 3656 516 3729; x_wconf 87' lang='lat' dir='ltr'><strong>plus</strong></span> <span class='ocrx_word' id='word_1_280' title='bbox 539 3657 610 3712; x_wconf 86' lang='lat' dir='ltr'><strong>euim</strong></span> <span class='ocrx_word' id='word_1_281' title='bbox 634 3655 713 3729; x_wconf 87' lang='lat' dir='ltr'><strong>q&#39;uam</strong></span> <span class='ocrx_word' id='word_1_282' title='bbox 736 3654 855 3730; x_wconf 79' lang='lat' dir='ltr'><strong>babylon</strong></span> <span class='ocrx_word' id='word_1_283' title='bbox 878 3655 947 3716; x_wconf 81' lang='lat' dir='ltr'><strong>lucc,</strong></span> <span class='ocrx_word' id='word_1_284' title='bbox 971 3672 1058 3727; x_wconf 88' lang='lat' dir='ltr'><strong>neque</strong></span> <span class='ocrx_word' id='word_1_285' title='bbox 1083 3670 1198 3727; x_wconf 84' lang='lat' dir='ltr'><strong>uuquam</strong></span> <span class='ocrx_word' id='word_1_286' title='bbox 1222 3662 1276 3708; x_wconf 89' lang='lat' dir='ltr'><strong>tam</strong></span> <span class='ocrx_word' id='word_1_287' title='bbox 1300 3653 1451 3711; x_wconf 85' lang='lat' dir='ltr'><strong>scelerata</strong></span> <span class='ocrx_word' id='word_1_288' title='bbox 1475 3657 1529 3721; x_wconf 84' lang='lat' dir='ltr'><strong>luit</strong></span> <span class='ocrx_word' id='word_1_289' title='bbox 1550 3654 1585 3709; x_wconf 84' lang='lat' dir='ltr'><strong>rel</strong></span> 
     </span>
    </p>
   </div>
   <div class='ocr_carea' id='block_1_4' title="bbox 281 3822 1610 4156">
    <p class='ocr_par' dir='ltr' id='par_1_8' title="bbox 281 3822 1610 4156">
     <span class='ocr_line' id='line_1_29' title="bbox 281 3822 1610 3900; baseline -0.002 -18"><span class='ocrx_word' id='word_1_290' title='bbox 281 3827 322 3882; x_wconf 81' lang='lat' dir='ltr'><strong>‘Et</strong></span> <span class='ocrx_word' id='word_1_291' title='bbox 344 3826 397 3882; x_wconf 91' lang='lat' dir='ltr'><strong>erit</strong></span> <span class='ocrx_word' id='word_1_292' title='bbox 411 3825 529 3900; x_wconf 75' lang='lat' dir='ltr'><strong>llabyluu</strong></span> <span class='ocrx_word' id='word_1_293' title='bbox 552 3826 589 3898; x_wconf 78' lang='lat' dir='ltr'><strong>(nt</strong></span> <span class='ocrx_word' id='word_1_294' title='bbox 611 3835 654 3882; x_wconf 89' lang='lat' dir='ltr'><strong>est</strong></span> <span class='ocrx_word' id='word_1_295' title='bbox 676 3824 770 3898; x_wconf 86' lang='lat' dir='ltr'><strong>Roma)</strong></span> <span class='ocrx_word' id='word_1_296' title='bbox 794 3826 837 3881; x_wconf 93' lang='lat' dir='ltr'><strong>illa</strong></span> <span class='ocrx_word' id='word_1_297' title='bbox 860 3824 981 3899; x_wconf 79' lang='lat' dir='ltr'><strong>gloriosa</strong></span> <span class='ocrx_word' id='word_1_298' title='bbox 1005 3825 1031 3879; x_wconf 92' lang='lat' dir='ltr'><strong>iu</strong></span> <span class='ocrx_word' id='word_1_299' title='bbox 1055 3823 1158 3897; x_wconf 79' lang='lat' dir='ltr'><strong>reguis.</strong></span> <span class='ocrx_word' id='word_1_300' title='bbox 1183 3822 1281 3897; x_wconf 75' lang='lat' dir='ltr'><strong>inclyta</strong></span> <span class='ocrx_word' id='word_1_301' title='bbox 1308 3824 1336 3877; x_wconf 94' lang='lat' dir='ltr'><strong>iu</strong></span> <span class='ocrx_word' id='word_1_302' title='bbox 1353 3825 1498 3898; x_wconf 89' lang='lat' dir='ltr'><strong>superbia</strong></span> <span class='ocrx_word' id='word_1_303' title='bbox 1512 3825 1610 3880; x_wconf 72' lang='lat' dir='ltr'><strong>ctat-a</strong></span> 
     </span>
     <span class='ocr_line' id='line_1_30' title="bbox 281 3908 1585 3972; baseline -0.003 -5"><span class='ocrx_word' id='word_1_304' title='bbox 281 3912 427 3972; x_wconf 71' lang='lat' dir='ltr'><strong>‘ciminium</strong></span> <span class='ocrx_word' id='word_1_305' title='bbox 451 3911 521 3966; x_wconf 87' lang='lat' dir='ltr'><strong>sicut</strong></span> <span class='ocrx_word' id='word_1_306' title='bbox 544 3911 675 3967; x_wconf 77' lang='lat' dir='ltr'><strong>subuertit</strong></span> <span class='ocrx_word' id='word_1_307' title='bbox 699 3912 825 3967; x_wconf 82' lang='lat' dir='ltr'><strong>‹loriiiuus</strong></span> <span class='ocrx_word' id='word_1_308' title='bbox 841 3911 984 3966; x_wconf 83' lang='lat' dir='ltr'><strong>Smlomam</strong></span> <span class='ocrx_word' id='word_1_309' title='bbox 1001 3918 1028 3965; x_wconf 89' lang='lat' dir='ltr'><strong>et</strong></span> <span class='ocrx_word' id='word_1_310' title='bbox 1043 3911 1210 3964; x_wconf 78' lang='lat' dir='ltr'><strong>Gomorram.</strong></span> <span class='ocrx_word' id='word_1_311' title='bbox 1256 3925 1312 3963; x_wconf 94' lang='lat' dir='ltr'><strong>non</strong></span> <span class='ocrx_word' id='word_1_312' title='bbox 1337 3908 1524 3967; x_wconf 79' lang='lat' dir='ltr'><strong>habitabitur</strong></span> <span class='ocrx_word' id='word_1_313' title='bbox 1545 3929 1585 3965; x_wconf 86' lang='lat' dir='ltr'><strong>ns·</strong></span> 
     </span>
     <span class='ocr_line' id='line_1_31' title="bbox 281 3995 1584 4070; baseline 0.002 -20"><span class='ocrx_word' id='word_1_314' title='bbox 281 4006 343 4070; x_wconf 82' lang='lat' dir='ltr'><strong>‘quc</strong></span> <span class='ocrx_word' id='word_1_315' title='bbox 367 3996 393 4050; x_wconf 94' lang='lat' dir='ltr'><strong>in</strong></span> <span class='ocrx_word' id='word_1_316' title='bbox 416 3995 511 4057; x_wconf 86' lang='lat' dir='ltr'><strong>baem,</strong></span> <span class='ocrx_word' id='word_1_317' title='bbox 535 4003 562 4051; x_wconf 92' lang='lat' dir='ltr'><strong>et</strong></span> <span class='ocrx_word' id='word_1_318' title='bbox 586 4013 639 4051; x_wconf 92' lang='lat' dir='ltr'><strong>non</strong></span> <span class='ocrx_word' id='word_1_319' title='bbox 663 3996 820 4052; x_wconf 83' lang='lat' dir='ltr'><strong>lunilabitur</strong></span> <span class='ocrx_word' id='word_1_320' title='bbox 842 4013 928 4069; x_wconf 90' lang='lat' dir='ltr'><strong>usquc</strong></span> <span class='ocrx_word' id='word_1_321' title='bbox 951 3995 978 4050; x_wconf 92' lang='lat' dir='ltr'><strong>iu</strong></span> <span class='ocrx_word' id='word_1_322' title='bbox 1001 3995 1204 4067; x_wconf 66' lang='lat' dir='ltr'><strong>{reiterationem</strong></span> <span class='ocrx_word' id='word_1_323' title='bbox 1228 4002 1256 4049; x_wconf 93' lang='lat' dir='ltr'><strong>et</strong></span> <span class='ocrx_word' id='word_1_324' title='bbox 1276 3995 1516 4066; x_wconf 80' lang='lat' dir='ltr'><strong>generationem,</strong></span> <span class='ocrx_word' id='word_1_325' title='bbox 1541 4013 1584 4051; x_wconf 72' lang='lat' dir='ltr'><strong>nm</strong></span> 
     </span>
     <span class='ocr_line' id='line_1_32' title="bbox 282 4078 1584 4156; baseline 0.002 -22"><span class='ocrx_word' id='word_1_326' title='bbox 282 4090 375 4155; x_wconf 79' lang='lat' dir='ltr'><strong>‘portet</strong></span> <span class='ocrx_word' id='word_1_327' title='bbox 397 4080 433 4135; x_wconf 94' lang='lat' dir='ltr'><strong>ibi</strong></span> <span class='ocrx_word' id='word_1_328' title='bbox 457 4081 574 4136; x_wconf 87' lang='lat' dir='ltr'><strong>tentoria</strong></span> <span class='ocrx_word' id='word_1_329' title='bbox 590 4080 690 4143; x_wconf 78' lang='lat' dir='ltr'><strong>trabs,</strong></span> <span class='ocrx_word' id='word_1_330' title='bbox 714 4099 764 4139; x_wconf 90' lang='lat' dir='ltr'><strong>nec</strong></span> <span class='ocrx_word' id='word_1_331' title='bbox 786 4089 911 4156; x_wconf 91' lang='lat' dir='ltr'><strong>pastores</strong></span> <span class='ocrx_word' id='word_1_332' title='bbox 934 4079 1108 4154; x_wconf 80' lang='lat' dir='ltr'><strong>requiescent</strong></span> <span class='ocrx_word' id='word_1_333' title='bbox 1129 4078 1179 4141; x_wconf 87' lang='lat' dir='ltr'><strong>ibi,</strong></span> <span class='ocrx_word' id='word_1_334' title='bbox 1202 4078 1249 4134; x_wconf 85' lang='lat' dir='ltr'><strong>sed</strong></span> <span class='ocrx_word' id='word_1_335' title='bbox 1265 4087 1350 4134; x_wconf 86' lang='lat' dir='ltr'><strong>eruut</strong></span> <span class='ocrx_word' id='word_1_336' title='bbox 1367 4078 1407 4135; x_wconf 93' lang='lat' dir='ltr'><strong>ibi</strong></span> <span class='ocrx_word' id='word_1_337' title='bbox 1427 4080 1538 4145; x_wconf 69' lang='lat' dir='ltr'><strong>bestie,</strong></span> <span class='ocrx_word' id='word_1_338' title='bbox 1560 4090 1584 4137; x_wconf 88' lang='lat' dir='ltr'><strong>et</strong></span> 
     </span>
    </p>
   </div>
   <div class='ocr_carea' id='block_1_5' title="bbox 280 4247 480 4257">
    <p class='ocr_par' dir='ltr' id='par_1_9' title="bbox 280 4247 480 4257">
     <span class='ocr_line' id='line_1_33' title="bbox 280 4247 480 4257; baseline -0.015 0"><span class='ocrx_word' id='word_1_339' title='bbox 280 4247 480 4257; x_wconf 81' lang='lat'>..—-—-—-</span> 
     </span>
    </p>
   </div>
   <div class='ocr_carea' id='block_1_6' title="bbox 280 4346 1588 4754">
    <p class='ocr_par' dir='ltr' id='par_1_10' title="bbox 280 4346 1588 4754">
     <span class='ocr_line' id='line_1_34' title="bbox 347 4346 1583 4411; baseline 0.001 -14"><span class='ocrx_word' id='word_1_340' title='bbox 347 4348 358 4378; x_wconf 79' lang='lat'>⁹</span> <span class='ocrx_word' id='word_1_341' title='bbox 380 4347 502 4398; x_wconf 82' lang='lat' dir='ltr'><strong>Malaoh.</strong></span> <span class='ocrx_word' id='word_1_342' title='bbox 516 4349 553 4398; x_wconf 91' lang='lat' dir='ltr'><strong>Il.</strong></span> <span class='ocrx_word' id='word_1_343' title='bbox 568 4349 592 4398; x_wconf 83' lang='lat'><strong>7.</strong></span> <span class='ocrx_word' id='word_1_344' title='bbox 606 4347 632 4398; x_wconf 87' lang='grc'><strong>8.</strong></span> <span class='ocrx_word' id='word_1_345' title='bbox 702 4350 860 4400; x_wconf 82' lang='lat' dir='ltr'><strong>custodient</strong></span> <span class='ocrx_word' id='word_1_346' title='bbox 883 4349 995 4399; x_wconf 61' lang='lat' dir='ltr'><strong>alteriaci,</strong></span> <span class='ocrx_word' id='word_1_347' title='bbox 1066 4346 1087 4379; x_wconf 77' lang='lat'><strong>¹⁶</strong></span> <span class='ocrx_word' id='word_1_348' title='bbox 1110 4348 1217 4411; x_wconf 79' lang='lat' dir='ltr'><strong>Evang.</strong></span> <span class='ocrx_word' id='word_1_349' title='bbox 1236 4361 1292 4396; x_wconf 84' lang='lat' dir='ltr'><strong>sec.</strong></span> <span class='ocrx_word' id='word_1_350' title='bbox 1312 4346 1423 4397; x_wconf 73' lang='lat' dir='ltr'><strong>tantan.</strong></span> <span class='ocrx_word' id='word_1_351' title='bbox 1439 4350 1545 4400; x_wconf 80' lang='lat' dir='ltr'>XVIII.</span> <span class='ocrx_word' id='word_1_352' title='bbox 1559 4349 1583 4398; x_wconf 80' lang='lat' dir='ltr'><strong>b.</strong></span> 
     </span>
     <span class='ocr_line' id='line_1_35' title="bbox 280 4429 1583 4497; baseline 0.002 -15"><span class='ocrx_word' id='word_1_353' title='bbox 280 4434 366 4482; x_wconf 82' lang='lat' dir='ltr'><strong>Maro.</strong></span> <span class='ocrx_word' id='word_1_354' title='bbox 383 4433 427 4482; x_wconf 87' lang='lat' dir='ltr'><strong>IX.</strong></span> <span class='ocrx_word' id='word_1_355' title='bbox 440 4432 482 4483; x_wconf 81' lang='lat' dir='ltr'><strong>tt.</strong></span> <span class='ocrx_word' id='word_1_356' title='bbox 496 4436 564 4483; x_wconf 90' lang='lat' dir='ltr'><strong>Luc.</strong></span> <span class='ocrx_word' id='word_1_357' title='bbox 579 4434 666 4483; x_wconf 87' lang='lat' dir='ltr'>XVII.</span> <span class='ocrx_word' id='word_1_358' title='bbox 681 4435 705 4485; x_wconf 75' lang='lat'><strong>2,</strong></span> <span class='ocrx_word' id='word_1_359' title='bbox 762 4434 785 4469; x_wconf 80' lang='lat'><strong>²⁰</strong></span> <span class='ocrx_word' id='word_1_360' title='bbox 803 4435 846 4485; x_wconf 81' lang='lat' dir='ltr'><strong>ct.</strong></span> <span class='ocrx_word' id='word_1_361' title='bbox 861 4435 926 4484; x_wconf 86' lang='lat' dir='ltr'><strong>Isai.</strong></span> <span class='ocrx_word' id='word_1_362' title='bbox 941 4434 962 4483; x_wconf 91' lang='grc' dir='ltr'><strong>Ι.</strong></span> <span class='ocrx_word' id='word_1_363' title='bbox 977 4433 1018 4482; x_wconf 72' lang='lat'><strong>2⁴2.</strong></span> <span class='ocrx_word' id='word_1_364' title='bbox 1033 4448 1091 4497; x_wconf 85' lang='lat' dir='ltr'><strong>sqq.</strong></span> <span class='ocrx_word' id='word_1_365' title='bbox 1148 4431 1169 4464; x_wconf 84' lang='lat'><strong>²¹</strong></span> <span class='ocrx_word' id='word_1_366' title='bbox 1188 4431 1268 4481; x_wconf 85' lang='lat' dir='ltr'><strong>obed.</strong></span> <span class='ocrx_word' id='word_1_367' title='bbox 1282 4429 1352 4497; x_wconf 70' lang='lat' dir='ltr'><strong>soc]</strong></span> <span class='ocrx_word' id='word_1_368' title='bbox 1374 4432 1520 4496; x_wconf 76' lang='lat' dir='ltr'><strong>iulideles,</strong></span> <span class='ocrx_word' id='word_1_369' title='bbox 1540 4450 1583 4483; x_wconf 84' lang='lat' dir='ltr'><strong>so·</strong></span> 
     </span>
     <span class='ocr_line' id='line_1_36' title="bbox 281 4513 1582 4587; baseline 0.002 -22"><span class='ocrx_word' id='word_1_370' title='bbox 281 4518 318 4566; x_wconf 84' lang='lat' dir='ltr'><strong>c-ii</strong></span> <span class='ocrx_word' id='word_1_371' title='bbox 338 4518 357 4568; x_wconf 83' lang='lat' dir='ltr'><strong>f.</strong></span> <span class='ocrx_word' id='word_1_372' title='bbox 377 4518 441 4567; x_wconf 83' lang='lat' dir='ltr'><strong>lsai.</strong></span> <span class='ocrx_word' id='word_1_373' title='bbox 510 4516 532 4549; x_wconf 81' lang='lat'><strong>²¹</strong></span> <span class='ocrx_word' id='word_1_374' title='bbox 556 4520 621 4569; x_wconf 84' lang='lat' dir='ltr'><strong>lsai.</strong></span> <span class='ocrx_word' id='word_1_375' title='bbox 637 4520 657 4568; x_wconf 92' lang='lat'><strong>1.</strong></span> <span class='ocrx_word' id='word_1_376' title='bbox 671 4521 712 4569; x_wconf 76' lang='lat' dir='ltr'><strong>2l.</strong></span> <span class='ocrx_word' id='word_1_377' title='bbox 726 4538 766 4587; x_wconf 86' lang='lat' dir='ltr'><strong>sq.</strong></span> <span class='ocrx_word' id='word_1_378' title='bbox 836 4519 859 4552; x_wconf 77' lang='lat'><strong>²⁵</strong></span> <span class='ocrx_word' id='word_1_379' title='bbox 881 4520 999 4570; x_wconf 81' lang='lat' dir='ltr'><strong>scoriam</strong></span> <span class='ocrx_word' id='word_1_380' title='bbox 1024 4523 1098 4567; x_wconf 80' lang='lat' dir='ltr'><strong>tarum</strong></span> <span class='ocrx_word' id='word_1_381' title='bbox 1125 4517 1186 4567; x_wconf 79' lang='lat' dir='ltr'><strong>Irni.</strong></span> <span class='ocrx_word' id='word_1_382' title='bbox 1257 4513 1395 4567; x_wconf 75' lang='lat' dir='ltr'><strong>”trumo</strong></span> <span class='ocrx_word' id='word_1_383' title='bbox 1422 4520 1582 4570; x_wconf 68' lang='lat' dir='ltr'><strong>Isai.XIII.</strong></span> 
     </span>
     <span class='ocr_line' id='line_1_37' title="bbox 282 4596 1588 4671; baseline 0.004 -22"><span class='ocrx_word' id='word_1_384' title='bbox 282 4600 384 4651; x_wconf 79' lang='lat' dir='ltr'><strong>te...·2·2.</strong></span> <span class='ocrx_word' id='word_1_385' title='bbox 405 4603 448 4651; x_wconf 81' lang='lat' dir='ltr'><strong>CI.</strong></span> <span class='ocrx_word' id='word_1_386' title='bbox 464 4605 561 4654; x_wconf 80' lang='lat' dir='ltr'><strong>lorcin.</strong></span> <span class='ocrx_word' id='word_1_387' title='bbox 575 4607 607 4655; x_wconf 92' lang='lat' dir='ltr'><strong>L.</strong></span> <span class='ocrx_word' id='word_1_388' title='bbox 621 4605 661 4657; x_wconf 78' lang='lat' dir='ltr'><strong>ea.</strong></span> <span class='ocrx_word' id='word_1_389' title='bbox 677 4622 716 4671; x_wconf 88' lang='lat' dir='ltr'><strong>sq.</strong></span> <span class='ocrx_word' id='word_1_390' title='bbox 764 4605 786 4638; x_wconf 82' lang='lat'><strong>²⁰</strong></span> <span class='ocrx_word' id='word_1_391' title='bbox 799 4605 827 4655; x_wconf 92' lang='lat' dir='ltr'><strong>in</strong></span> <span class='ocrx_word' id='word_1_392' title='bbox 840 4612 899 4655; x_wconf 85' lang='lat' dir='ltr'><strong>ante</strong></span> <span class='ocrx_word' id='word_1_393' title='bbox 912 4620 970 4670; x_wconf 86' lang='lat' dir='ltr'><strong>sup.</strong></span> <span class='ocrx_word' id='word_1_394' title='bbox 984 4608 1053 4655; x_wconf 80' lang='lat' dir='ltr'><strong>uraris.</strong></span> <span class='ocrx_word' id='word_1_395' title='bbox 1071 4605 1144 4668; x_wconf 78' lang='lat' dir='ltr'><strong>Vulp.</strong></span> <span class='ocrx_word' id='word_1_396' title='bbox 1191 4596 1314 4667; x_wconf 68' lang='lat' dir='ltr'><strong>”injad</strong></span> <span class='ocrx_word' id='word_1_397' title='bbox 1331 4603 1410 4668; x_wconf 79' lang='lat' dir='ltr'><strong>I&#39;atp.</strong></span> <span class='ocrx_word' id='word_1_398' title='bbox 1456 4601 1588 4668; x_wconf 69' lang='lat' dir='ltr'><strong>”eruntl</strong></span> 
     </span>
     <span class='ocr_line' id='line_1_38' title="bbox 280 4689 551 4754; baseline 0.007 -17"><span class='ocrx_word' id='word_1_399' title='bbox 280 4689 456 4754; x_wconf 85' lang='lat' dir='ltr'><strong>requiescent</strong></span> <span class='ocrx_word' id='word_1_400' title='bbox 477 4692 551 4754; x_wconf 80' lang='lat' dir='ltr'><strong>Vatp.</strong></span> 
     </span>
    </p>
   </div>
   <div class='ocr_carea' id='block_1_7' title="bbox 0 0 1654 5414">
    <p class='ocr_par' dir='ltr' id='par_1_11' title="bbox 0 0 1654 5414">
     <span class='ocr_line' id='line_1_39' title="bbox 0 0 1654 5414; baseline 0 0"><span class='ocrx_word' id='word_1_401' title='bbox 0 0 1654 5414; x_wconf 95' lang='lat' dir='ltr'><strong> </strong></span> 
     </span>
    </p>
   </div>
  </div>
 </body>
</html>
