3330 5408
205 364 276 433 δη
637 392 755 426 Dluuoul
775 392 1047 429 asevuouvuretttct.

203 552 330 607 idoneum
353 550 384 605 ad
415 549 524 606 scrlsuur
551 550 595 606 dei
624 549 821 612 semiuaudmu,
853 550 1076 623 occasionemque
1105 550 1238 625 arripiunt
1268 550 1496 624 qualemcunque.

205 645 235 693 ut
257 644 348 691 uotam
372 633 410 689 illi
433 635 542 710 iuuraut
565 635 719 698 laureacus,
743 644 773 691 ut
795 636 939 708 negocium
961 632 1000 689 illi
1023 633 1122 691 laeiaut
1142 652 1203 691 cum
1226 636 1368 709 magistris
1384 638 1495 697 uostris.

135 732 275 794 §.arquos
298 721 390 776 loveut
411 719 484 778 velut
506 737 647 794 praecones
668 729 696 777 et
717 720 875 776 ‹luleusores
898 719 1030 776 scelerum
1052 737 1174 778 suorum.
1212 721 1264 776 Sed
1287 720 1352 777 licet
1376 720 1415 777 illi
1440 730 1494 777 tor·

203 814 300 879 peaut,
330 803 375 860 illc
398 815 486 861 tamea
509 804 693 861 Samaritanus
722 805 768 878 qui
795 805 915 861 custodit
943 805 1095 867 civitatem.
1124 823 1179 861 uoa
1205 805 1380 869 dormitabit.
1406 824 1493 879 nequae

202 891 332 950 dormiet:
356 889 401 946 ille
423 890 559 946 custodiet
581 889 711 964 pupulum
735 908 828 946 suum:
858 889 909 946 scit
937 890 1008 945 euim
1037 908 1108 964 quos
1135 889 1231 964 elegit.
1261 891 1308 965 qui
1337 892 1393 946 siut
1423 892 1511 952 eiust

203 975 249 1049 qui
272 984 439 1048 premuntur
455 984 483 1031 ct
505 975 644 1049 suspirant
665 975 716 1031 suti
738 976 790 1031 boe
819 976 882 1048 iugo
910 974 1073 1037 Pharaonis.
1105 984 1132 1031 et
1160 975 1187 1031 iu
1217 985 1340 1050 tempore
1369 977 1493 1031 exaudiet

202 1078 298 1135 preces
320 1077 459 1117 serrorum
482 1078 602 1117 suorum.

266 1144 501 1219 Superstitio.
540 1145 743 1218 Theologomm
766 1144 865 1219 aliquis
888 1162 930 1201 mc
953 1154 1044 1208 secat,
1068 1162 1123 1200 uou
1145 1163 1257 1219 possum
1273 1145 1423 1220 prestolari
1439 1163 1494 1202 ser·

204 1231 292 1287 usuriis
314 1230 402 1286 linem.

135 1313 195 1363 W·
265 1315 393 1371 Pietas.
431 1315 495 1371 bata
517 1332 599 1389 opera
621 1314 754 1379 declinas,
777 1333 811 1371 ue
835 1333 925 1371 serum
948 1315 1050 1371 audias.
1502 1337 1521 1373 u

267 1400 495 1473 Superstitio.
533 1400 746 1457 conciliabulum
768 1401 898 1457 iudictum
920 1409 962 1457 est
984 1400 1118 1461 Coloniae.
1147 1408 1229 1474 atque
1259 1400 1315 1457 illie
1339 1418 1411 1476 opus
1434 1419 1492 1457 aureo

202 1502 292 1541 suasu.

265 1570 392 1626 Pietas.
430 1568 498 1638 Quid
521 1570 573 1626 boc
595 1570 633 1626 rei
657 1572 718 1626 est?

266 1656 501 1730 Superstitio.
538 1654 686 1711 bloliuutur
708 1655 832 1713 uoauibil
856 1656 984 1712 advorsus
1006 1655 1145 1712 studiosos
1167 1665 1194 1712 ot
1218 1657 1335 1730 optimas
1358 1656 1462 1712 literas.

265 1741 397 1796 Pietas.
434 1740 498 1796 llcru
533 1741 638 1797 inanem
672 1751 819 1798 couaatur:
853 1751 910 1797 orat
941 1742 966 1797 id
994 1742 1084 1797 statim
1112 1741 1189 1798 initio
1216 1741 1387 1803 laciuuduiu.
1422 1760 1519 1801 numu

202 1843 296 1883 omues
319 1827 442 1899 sapiuut;
465 1825 613 1882 narrabunt
635 1826 725 1882 surdis
747 1825 873 1884 tabulam.

267 1911 499 1985 Superstitio.
536 1910 607 1966 Nihil
631 1929 702 1969 uuuc
726 1912 814 1968 serbis
843 1929 970 1986 agotum.
999 1913 1095 1969 amodo
1118 1909 1159 1967 vel
1186 1911 1311 1986 seriptis.
1343 1913 1391 1968 scd
1415 1914 1492 1969 mira·

201 1994 270 2053 culis
293 2005 446 2052 astruemus
468 1996 645 2069 sophisticeu.

267 2082 393 2137 Pietas.
429 2081 482 2143 lla,
505 2080 656 2137 miraculis!

135 2169 193 2217 tlt.
268 2166 499 2260 Supepstitio.
536 2166 638 2223 b'ovum
668 2166 783 2240 aliquem
806 2167 914 2224 Scotum
943 2167 1090 2241 bugoruus,
1119 2166 1160 2223 vel
1187 2168 1329 2223 doctorem
1357 2178 1519 2229 sanctum„

204 2253 249 2326 qui
278 2252 419 2307 reviviscat
446 2269 460 2306 a
490 2251 605 2307 mortuis
633 2250 803 2325 affirmetque
830 2252 930 2308 nullam
960 2253 1096 2326 potiorem
1126 2270 1187 2308 esse
1210 2251 1389 2325 Theologiam
1412 2272 1488 2328 quam

202 2355 293 2392 crassa
317 2335 362 2391 illa
384 2346 535 2393 estrumenta
558 2335 668 2392 Tbomru
691 2336 731 2392 sel
754 2337 865 2393 subtilia
889 2338 961 2393 Sesti
985 2337 1097 2393 souruia.
1126 2409 1131 2417 1

267 2422 392 2477 Pietas.
430 2422 480 2477 abt
502 2439 584 2494 ergo;
614 2423 661 2477 sed
683 2423 788 2479 eroariat
815 2432 897 2497 opto,
926 2431 956 2478 ut
986 2423 1053 2479 illud
1074 2422 1210 2479 Berueme
1238 2422 1489 2481 iriaebiuameutuur.

203 2525 258 2582 quo
279 2507 376 2579 (liguas
399 2506 530 2564 scelerum
552 2524 645 2580 paruas
668 2507 752 2565 luant.

736 2640 749 2676 d
943 2642 957 2676 t

839 2684 852 2720 s

756 2780 848 2837 Esaias.
872 2781 925 2852 viij.

591 2865 657 2933 [uite
679 2867 835 2927 consilium.
859 2875 886 2921 ct
907 2866 1098 2940 dissipabitur:

633 2951 784 3025 boquimiui
807 2951 931 3012 verissim,
954 2960 982 3006 et
1004 2968 1058 3007 nou

641 3037 700 3099 liet,
724 3038 786 3111 quia
808 3036 949 3115 uobiscum
971 3038 1048 3092 licus.

201 3183 330 3253 [Effigies
360 3187 461 3237 stantis
486 3185 588 3249 equitis
617 3184 730 3235 tboracc
753 3185 890 3250 pulsuque
918 3186 1035 3248 onusti,
1063 3184 1185 3248 gladium
1213 3184 1329 3235 ‹lexteru
1354 3187 1488 3245 tcucutis;

201 3273 329 3322 inferiori
353 3272 476 3321 thoracis
499 3272 572 3335 parti
597 3271 695 3335 iugens
720 3276 824 3320 ostrum
847 3274 911 3320 octo
930 3271 1075 3320 ructamine
1098 3270 1204 3320 babens
1230 3270 1349 3320 adfixum
1374 3277 1431 3333 est;
1455 3270 1515 3321 ads·

585 3355 669 3420 pedes
688 3355 741 3404 viri
759 3361 822 3404 suut
840 3357 914 3405 arios
934 3361 962 3405 et
985 3353 1106 3420 ceuceu]
1326 3356 1332 3365 '

688 3492 771 3550 blalos
793 3494 860 3552 male
882 3496 1000 3569 perdam.

199 3631 402 3641 ——W

267 3711 436 3779 ⁴Samurit.]
455 3712 586 3763 salvator.
640 3710 661 3744 ¹⁶
679 3711 742 3761 Ter.
757 3711 859 3761 Hesus.
872 3712 909 3762 11.
925 3711 988 3774 tu.
1036 3712 1156 3763 euers.
1170 3709 1246 3776 scel]
1266 3713 1303 3762 cf.
1317 3730 1345 3778 p.
1359 3713 1419 3764 532.
1432 3720 1485 3763 aiot.

201 3799 263 3850 adv.
275 3800 316 3851 35.
369 3799 392 3831 ὓ
410 3800 465 3848 Icei
484 3799 560 3847 VIII.
576 3797 615 3847 10.
668 3795 689 3827 ⁸²
708 3797 943 3862 Cf.Evaug.sec.
956 3795 1194 3848 Mattianum.
