3276 5414
536 379 737 415 cononumvtt
755 379 792 414 ΔΙ)
811 376 1006 419 easQVtttvn.

370 533 597 599 PASQVILLVS
615 535 664 585 DE
683 533 725 583 st:
745 531 826 583 lPth
845 532 893 582 ET
912 531 1082 582 ORIGINE
1105 532 1197 583 SVA.

390 659 423 715 Ut
446 658 584 733 propriam
608 664 702 712 noscat
725 655 812 730 pubes
834 655 929 711 incana
950 653 1079 727 liguram

328 745 360 801 Et
382 761 416 800 ne
439 760 504 799 vana
527 759 593 798 ureae
616 749 743 798 narretur
765 739 853 795 iabula
876 738 968 800 sortis,
1068 800 1070 804 ,

327 830 387 904 lpse
409 844 501 883 canam
525 824 620 901 (prima
644 833 772 899 repetens
795 824 828 879 alr
851 824 957 897 origine
981 823 1104 894 cuncta)

327 914 446 985 lataque
469 913 647 984 fortunasque
669 926 756 972 meas.
780 926 835 983 quo
851 909 966 965 ‘nomine
981 908 1073 985 dicar,

265 1004 278 1039 ἔ»
328 999 382 1053 Gru
403 997 500 1053 durum
524 995 550 1051 iu
573 994 688 1068 lapidem
711 1011 805 1050 versus
829 1001 965 1067 praerupta
982 992 1073 1067 petivi

330 1081 467 1155 AEquora,
490 1098 539 1136 cur
562 1079 661 1135 iteruin
683 1096 796 1153 superas
818 1086 936 1134 erectus·
949 1077 976 1132 in
999 1093 1090 1133 auras

328 1166 448 1226 lauder.
472 1173 500 1221 et
522 1165 636 1219 irrrrnote
658 1162 740 1237 lapidi
764 1171 907 1219 serventur
929 1161 1052 1217 honores

330 1250 514 1322 Certatimque
539 1249 627 1303 lerant
650 1247 774 1303 sublimia
796 1246 915 1303 carmina
939 1254 1022 1300 vales.

394 1334 457 1389 Sum
479 1333 583 1407 chlra,
606 1332 764 1388 Oreseuutis
786 1332 920 1406 quondam
944 1330 1154 1387 maestissimus
1180 1331 1270 1408 Hyla»

332 1420 444 1480 ductor,
467 1418 510 1474 eui
533 1434 671 1490 nunquam
694 1416 791 1472 similis
813 1415 912 1471 erravit
935 1415 962 1470 in
985 1413 1072 1479 orlre;

331 1502 436 1559 lnloelin
457 1501 570 1576 cupiens
593 1500 685 1565 subito
707 1501 832 1557 mandata
854 1501 966 1561 relerre,

331 1589 396 1643 llum
418 1587 476 1643 sult
498 1585 604 1643 Alcides
627 1586 723 1642 denseo
745 1603 820 1642 sacra
843 1602 938 1659 parare

228 1694 238 1707 ⁸
332 1672 399 1728 Vota
423 1671 491 1733 lori.
515 1671 603 1726 lusam
624 1670 736 1727 Nesseo
759 1670 890 1743 sanguiue
914 1677 1016 1725 restem

329 1757 455 1818 Periere,
480 1772 558 1830 quam
582 1754 667 1812 mittit
687 1755 818 1812 coniunx:
840 1753 914 1828 capit
935 1754 1039 1810 inscius
1062 1754 1161 1812 heros

333 1841 523 1915 luduiturque:
547 1839 611 1895 mali
631 1840 671 1896 vis
694 1841 716 1896 it
737 1839 833 1896 dilll1sa
855 1856 905 1914 per
925 1846 1002 1895 artus

333 1924 492 1988 Herculeos,
516 1924 570 1982 late
593 1908 666 1981 virus
688 1925 827 1982 descendit
849 1924 881 1980 ad
904 1940 974 1980 ossa.

292 2052 297 2060 .
332 2010 478 2066 Letiferam
500 2027 561 2066 cum
584 2026 639 2065 non
662 2017 758 2084 posset
781 2009 934 2066 rescindere
958 2018 1070 2071 vestem,

332 2095 463 2152 Fervidus
485 2095 543 2151 liaec
566 2094 593 2150 iu
617 2112 659 2150 me
682 2094 792 2151 turbato
814 2092 932 2168 protulit
954 2110 1016 2151 ore:

334 2180 488 2236 Olaciuus!
512 2179 609 2235 mortis
631 2188 711 2237 antor
732 2179 884 2236 certissime
906 2186 1017 2240 nostrae,

336 2263 412 2320 llaud
434 2264 545 2337 impune
566 2264 639 2320 feres
661 2264 764 2321 uostris
785 2263 1018 2321 contrarietatis:
1081 2301 1087 2312 .

334 2348 394 2422 lpse
417 2365 497 2411 uror,
520 2348 617 2421 gelidis
640 2357 669 2404 tu
692 2366 763 2406 nuuc
785 2348 911 2405 morieris
934 2348 961 2404 in
983 2347 1082 2404 uudisl

334 2431 389 2489 Nec
411 2450 501 2488 rucra:
524 2433 658 2490 dicentem
680 2433 762 2490 verba
784 2433 938 2490 excusantia
960 2432 1056 2507 pernix

334 2517 454 2592 Corripit
476 2516 582 2574 Alcides
604 2517 791 2593 liquidumque
814 2536 863 2592 per
883 2534 946 2575 aera
968 2517 1061 2573 mittit.

336 2602 480 2658 Insanum
502 2602 622 2676 pendens
643 2620 743 2677 corpus
765 2602 906 2678 lapidescit
928 2602 1051 2658 inauris

274 2721 276 2725 ι
335 2689 425 2761 Atque
447 2704 583 2761 exsangue
606 2694 680 2743 metu
703 2687 810 2743 tandem
832 2687 956 2745 consedit
978 2687 1005 2743 iu
1027 2686 1111 2743 undis

335 2771 474 2834 Euboicis.
497 2771 593 2827 sermm
616 2789 726 2828 servans
748 2771 891 2829 simulacra
912 2771 1022 2846 prieris.

336 2856 393 2913 lleu
416 2857 525 2930 quoties
548 2856 649 2930 pandas
671 2857 769 2914 cervici
792 2857 894 2913 instare
916 2857 1020 2913 carinas

335 2941 469 3015 Conspexi
491 2950 520 2998 et
542 2940 656 2997 miseros
679 2951 775 2998 nautas
797 2942 937 2999 erroribus
960 2951 1035 2998 actos

335 3024 425 3082 lllisos
449 3035 556 3084 tenuem
579 3026 700 3100 seopulis
721 3026 859 3083 etl'undere
882 3028 976 3083 vitrum!

402 3111 492 3184 Atque
514 3111 581 3167 adeo
604 3111 662 3167 haee
683 3112 789 3168 cunctis
812 3111 904 3168 iniecit
927 3113 995 3167 lama
1019 3111 1162 3175 timorem.
1257 3170 1261 3175 ,

339 3195 371 3250 Ut
395 3210 474 3250 nemo
497 3194 607 3251 Euboici
631 3196 736 3252 ratibus
760 3204 866 3253 tentare
890 3195 1007 3253 latebras

338 3279 457 3335 drideret
479 3295 577 3352 magno
599 3280 700 3344 donec.
723 3280 859 3356 Neptune,
883 3281 1000 3338 tridente

339 3363 451 3419 Vertisti
473 3364 553 3438 rigidi
577 3365 747 3438 praegrandia
770 3364 870 3423 rolrora
892 3366 958 3423 saxi.

338 3449 540 3522 niramprimum
562 3447 641 3505 evelli
664 3450 736 3506 sensi
760 3467 817 3512 me.
841 3468 964 3524 quaerere
988 3460 1087 3508 terram

341 3534 472 3590 Paulatim
496 3534 582 3594 nitor.
606 3535 749 3608 medioque
771 3552 803 3590 ex
826 3553 937 3608 aequore
959 3536 1052 3610 lapsus

339 3618 366 3673 lu
389 3619 486 3674 siccam
510 3619 617 3675 taudem
639 3619 703 3675 felix
726 3619 850 3693 appellor
870 3637 988 3677 arenam·

339 3703 414 3759 Nunc
436 3721 479 3758 nae
501 3704 583 3759 Roma
607 3711 681 3760 tenet
703 3712 861 3778 sortemque
883 3706 993 3761 miserta
1016 3707 1168 3779 quotannis

339 3788 429 3844 'lurlta
451 3788 632 3862 paedagngdm
655 3788 769 3845 meritos
792 3789 926 3845 instaurat
947 3790 1077 3847 honores.

610 3924 689 3963 munt
710 3924 752 3963 DE
776 3922 812 3965 SE
834 3924 914 3966 [PRO.

341 4024 368 4079 Si
392 4043 446 4082 rrou
469 4043 530 4099 spru
552 4027 623 4083 sieut
645 4026 726 4087 estis.
750 4025 850 4082 lralsent
872 4044 931 4082 mea
954 4027 1074 4102 pondera
1095 4043 1228 4086 cansam:

404 4109 547 4167 lteuealion
569 4128 662 4168 sanum
685 4109 791 4166 volvere
814 4128 867 4167 nou
891 4112 1005 4185 potuit..

208 4278 276 4338 Quum
299 4277 345 4325 hie
364 4277 471 4326 leicunoe
491 4276 633 4341 explendae
653 4290 740 4325 conse
758 4275 912 4326 addidimus
930 4278 1067 4337 carmina,
1093 4291 1127 4326 ex
1144 4277 1373 4344 Peiquillorum
1393 4294 1449 4338 tom

90 4413 94 4419 ,
139 4362 163 4410 1.
176 4377 202 4425 p.
219 4359 240 4409 l.
253 4376 294 4425 sq.
313 4360 476 4426 deprompta
499 4366 571 4410 siunt.
606 4361 648 4410 De
672 4359 808 4425 Pnsquilli
830 4361 1045 4428 metamorphosi
1066 4361 1215 4427 Lichnque
1250 4374 1285 4417 et
1300 4374 1449 4423 'combusti

140 4445 263 4494 llercule
284 4446 381 4494 censer
394 4446 488 4495 Ovidii
507 4450 618 4495 nartem.
631 4445 679 4495 lili.
693 4445 741 4494 IX.
756 4449 784 4494 et
802 4446 879 4496 Serv.
893 4446 928 4495 nd
941 4446 1023 4510 l'erg.
1037 4445 1103 4495 den.
1116 4445 1195 4496 Vlll.
1210 4448 1281 4501 300,
1321 4456 1416 4508 vem
1432 4458 1448 4504 ει

141 4530 284 4579 (trescentis
307 4529 392 4579 habet
415 4530 511 4584 Citrio.
541 4530 589 4579 sed
613 4534 708 4593 operte
737 4518 923 4594 ὄρεσκοῦντος
947 4528 1074 4592 (silvani)
1098 4529 1187 4580 voluit
1213 4544 1335 4591 auctor.
1376 4558 1402 4591 r.
1419 4541 1448 4591 Ι·.)

140 4611 250 4662 Ctenaeo
270 4614 354 4663 Corio.
369 4630 394 4663 v.
408 4613 449 4663 25.
464 4629 589 4678 exangue
604 4615 687 4664 (lario.
