3276 5414
260 385 307 454 64
554 397 605 446 111.
675 412 813 446 urssrnrs
834 412 858 445 s.
875 413 957 446 even.
994 413 1143 448 erneeere.
1164 399 1252 464 (tals.)

257 569 337 636 xisti,
372 565 551 633 admirabar,
587 567 707 624 restium
731 566 872 631 nitorem,
907 584 1013 625 aurum
1036 574 1065 626 et
1087 585 1234 644 genueras,
1269 586 1305 629 ac
1335 569 1403 628 illos
1432 571 1561 632 Araltiee

258 669 368 729 olentes
390 675 569 743 purpuratos
591 674 623 725 ut
645 666 716 725 dees
738 666 876 736 verebar;
900 666 1005 726 ‹leimle
1028 671 1127 744 magni
1150 669 1294 729 faciebam
1318 672 1353 730 iis
1374 674 1558 741 conversari,

257 770 292 830 ad
316 786 440 847 querum
464 775 653 844 conspectum
677 770 763 827 ratium
786 787 899 827 summa
923 770 1109 829 contentione
1132 772 1259 831 maxilua
1288 790 1367 849 saepe
1398 773 1557 834 multitude

257 877 459 949 procurreret,
484 870 575 946 iisque
598 869 723 947 colloqui
747 877 775 928 et
797 888 900 929 eorum
924 869 1116 930 lanuliaritate
1139 873 1268 941 censeri,
1293 892 1328 932 ac
1351 873 1416 932 illas
1437 876 1556 935 allecta·

256 973 323 1033 bam
347 971 559 1038 inuuuuitates,
589 977 617 1030 et
640 971 741 1030 divites
764 989 866 1030 onmes
889 969 1027 1047 putabam
1051 973 1100 1049 qui
1122 976 1165 1033 sic
1192 983 1389 1043 ornarentur,
1426 992 1575 1055 eumenes

217 1110 220 1117 ‹
255 1075 464 1152 patrimonium
487 1072 557 1131 milri
580 1080 656 1131 esset
677 1073 885 1149 perexiguum,
910 1071 993 1131 laeile
1016 1072 1072 1132 lrec
1093 1072 1159 1133 loeo
1176 1076 1321 1137 ditescere
1337 1077 1554 1154 proponebam.

256 1176 388 1255 qrrnedam
411 1181 552 1250 praeterea
576 1175 659 1233 insita
683 1174 736 1233 luit
758 1180 786 1232 et
807 1175 902 1233 iurent
918 1181 946 1232 et
961 1174 1113 1249 imperite,
1139 1184 1170 1235 ut
1186 1176 1299 1247 m'ultis,
1324 1178 1464 1238 ambitio:
1488 1198 1555 1239 uam

255 1276 411 1355 aliquande
435 1276 534 1335 videus
556 1294 589 1334 ex
614 1274 714 1349 ardicis
737 1283 906 1334 inscienter
929 1273 1042 1353 aliques
1065 1276 1207 1353 appellari
1230 1297 1265 1337 ae
1289 1281 1368 1338 erari
1392 1281 1429 1340 ab
1454 1282 1491 1341 iis
1506 1283 1555 1360 qui

255 1379 362 1457 aliquid
386 1377 463 1455 apud
487 1377 648 1454 principem
672 1375 843 1453 captabant,
877 1376 983 1436 deiude
1006 1378 1180 1439 muneribus
1202 1399 1321 1460 qrreque
1352 1381 1428 1457 peti,
1466 1382 1555 1442 rebar

256 1500 358 1540 omues
380 1481 408 1538 iu
432 1478 497 1538 arde
520 1485 744 1538 cousuesceutes
768 1479 895 1554 [seleutia
918 1478 1078 1555 plruimum
1100 1479 1213 1547 ralere;
1237 1501 1272 1540 ac
1295 1481 1379 1542 laeile
1396 1483 1553 1544 audiebam
1564 1499 1585 1538 u

256 1582 376 1642 cottidie
398 1583 583 1657 increpantes
605 1599 652 1640 ure
675 1579 720 1638 bis
744 1579 853 1648 verbis,
878 1579 963 1649 ‘Quin
988 1589 1018 1641 tu
1034 1583 1070 1656 ,iu
1093 1581 1190 1641 aulam
1213 1588 1242 1642 tc
1266 1586 1401 1652 coniers,
1427 1593 1462 1644 ut
1485 1604 1553 1664 pre-

258 1685 353 1744 ‘desse
375 1695 404 1743 et
427 1682 477 1742 tibi
500 1683 593 1759 pressis
616 1689 644 1742 et
667 1680 803 1741 emnilms
825 1682 899 1751 ieie,
923 1681 1049 1761 aliquam
1072 1683 1196 1760 adeptus
1220 1684 1428 1760 praefecturam
1450 1689 1552 1748 autad

187 1786 384 1864 §.tt‘aliqued
408 1792 560 1862 promotus
582 1784 710 1843 ellicium
734 1781 777 1842 rel
799 1782 883 1842 aliter
905 1785 1029 1862 principi
1052 1784 1192 1845 charus‘t'
1215 1785 1281 1856 llis,
1306 1785 1409 1858 Ceste,
1433 1789 1553 1868 Syrerri·

256 1889 312 1950 bus
335 1907 401 1947 eum
425 1887 637 1953 occinuisseut,
661 1904 756 1964 neque
780 1902 834 1961 ego
858 1884 966 1964 L'lpssis
988 1886 1109 1945 reusilie
1133 1905 1199 1947 cera
1223 1886 1441 1949 elrtlrurassem·
1455 1909 1552 1960 aures,

255 1990 484 2051 subvertendum
507 2007 554 2048 me
577 1986 689 2065 praebui
712 1987 852 2065 deceptus
874 1989 979 2056 miser,
1004 2007 1071 2047 eum
1100 1990 1219 2048 minime
1242 1993 1500 2067 praesentiscerent
1523 1995 1551 2053 in
1565 2008 1584 2049 ra

255 2112 321 2173 que
343 2091 418 2152 mala
442 2091 499 2151 dee
521 2092 595 2150 irato
618 2108 685 2149 meo
708 2087 905 2165 provolverer.
951 2107 1017 2149 uam
1041 2090 1109 2168 qrrid
1134 2099 1228 2151 restes
1250 2091 1419 2152 admirabar
1445 2094 1554 2155 stultns

255 2215 320 2274 quae
344 2202 480 2254 truncum
504 2195 588 2253 etiam
612 2198 718 2250 eruant
740 2198 769 2251 et
790 2192 920 2250 altimum
943 2209 1002 2250 nou
1024 2200 1168 2267 arguunt,
1203 2211 1270 2252 cum
1300 2214 1335 2254 ex
1359 2196 1459 2254 anime
1484 2214 1552 2255 ceu·

256 2304 312 2358 stet
334 2297 439 2363 home,
469 2295 678 2355 nuculeum
707 2292 814 2371 aliquid
845 2294 988 2370 pertineat
1016 2313 1119 2354 cerum
1148 2313 1213 2372 quae
1242 2296 1371 2356 exterius
1400 2296 1554 2357 arllraereut

256 2399 391 2476 cerperi‘l

187 2514 246 2564 tot.
320 2489 448 2561 enerve.
486 2499 550 2568 One
572 2499 669 2558 uriuus
691 2494 755 2556 illes
778 2497 839 2556 lere
863 2498 911 2574 qrri
927 2496 1064 2558 meuaclri
1079 2508 1236 2567 receutur,
1260 2499 1310 2576 qui
1326 2499 1411 2559 uobis
1426 2502 1584 2561 vestimen

258 2602 450 2664 ostentatione
473 2599 572 2660 velunt
593 2599 793 2659 sanctimoniae
815 2599 982 2675 opinionem
1007 2617 1192 2676 persuasam:
1221 2603 1307 2661 etiem
1331 2603 1394 2678 ipsc
1417 2601 1475 2662 lroe
1498 2603 1552 2662 lie·

256 2708 366 2767 minum
390 2720 484 2781 genus
507 2700 588 2762 valde
611 2701 770 2760 detestatus
793 2707 837 2759 est
860 2700 1010 2769 Cluistus,
1034 2720 1122 2778 rpuem
1145 2721 1199 2780 ege
1223 2704 1313 2762 crede
1334 2721 1401 2763 eum
1417 2705 1447 2762 iu
1463 2707 1552 2764 terris

255 2815 332 2869 esset
354 2805 425 2866 nilril
447 2803 530 2864 aliter
552 2811 639 2880 atque
662 2802 733 2862 alios
755 2803 888 2862 lremiues
912 2803 1040 2862 restibus
1067 2823 1164 2864 usum.
1211 2805 1240 2863 lii
1266 2813 1364 2865 aretem
1394 2824 1469 2883 qrras
1491 2824 1551 2865 neu

255 2909 437 2972 diversitates
460 2905 642 2984 excogitant?
666 2906 693 2963 iu
717 2906 795 2983 qued
819 2924 851 2964 sc
873 2923 931 2964 nrm
955 2914 1119 2965 nieustrmu
1144 2908 1371 2974 transformant,
1401 2914 1434 2966 ut
1462 2924 1551 2985 qrram

256 3013 382 3073 inarime
404 3008 557 3070 dissimiles
579 3008 654 3067 siut?
687 3008 781 3085 Atque
804 3007 831 3065 iu
857 3006 901 3065 bis
931 3005 1008 3067 aliud
1030 3007 1188 3067 Frarreisee
1217 3009 1338 3086 placuit,
1374 3007 1452 3069 aliud
1475 3009 1583 3070 Ber-aa

256 3114 365 3183 nardo,
388 3111 471 3172 aliter
495 3112 587 3170 risum
610 3115 653 3168 cst
677 3107 843 3176 ltenriuico,
867 3106 952 3168 aliter
974 3108 1045 3168 aliis.

187 3234 246 3287 §.o-a.
320 3232 484 3277 ursnvnvs.
523 3211 625 3288 Neque
651 3209 721 3269 illud
751 3209 882 3269 ridebam
912 3212 1019 3272 inultos
1048 3215 1090 3272 sie
1118 3213 1236 3271 vestitos
1264 3211 1398 3289 plurimis
1432 3214 1551 3274 iuterim

257 3336 359 3396 egere:
383 3323 450 3375 suut
473 3314 549 3373 euim
573 3313 626 3372 ista
649 3330 708 3369 nou
731 3331 765 3371 ex
790 3313 1017 3391 uniuscuiusque
1041 3311 1191 3380 facultate,
1215 3314 1265 3372 sed
1287 3317 1500 3376 eoos-uenerem
1516 3336 1550 3376 ac

256 3419 387 3479 moribus
410 3417 497 3484 aulae,
528 3434 592 3494 qum
616 3412 675 3473 vult
703 3413 837 3473 lromiues
867 3414 1071 3483 iaetalnurdes,
1104 3422 1312 3484 ostentatores,
1348 3415 1493 3492 gloriosos
1515 3436 1550 3477 ac

255 3521 439 3598 ruaguitreos,
463 3520 566 3597 quise
589 3517 669 3576 omui
692 3515 762 3575 loris
784 3514 993 3594 pulchritudini
1016 3538 1050 3578 ac
1073 3519 1214 3578 verrustati
1242 3517 1442 3586 certiorarem,
1477 3538 1581 3579 carruae

255 3625 332 3684 intus
355 3620 497 3689 ennium,
521 3625 687 3679 marcentes
710 3638 744 3679 ae
766 3620 839 3679 urire
862 3620 1002 3679 intermes
1025 3622 1096 3688 siut,
1121 3618 1245 3688 similes,
1275 3625 1307 3679 ut
1329 3620 1400 3678 milri
1423 3620 1548 3688 ridetur,

251 3795 389 3852 videmus,
410 3791 459 3842 sed
478 3791 641 3854 optimorum
665 3790 944 3854 gravissimorumque
969 3789 1137 3853 querendam
1160 3790 1279 3838 virerum
1304 3790 1549 3840 commendationi-

251 3878 302 3928 bus
321 3878 422 3936 fretus,
441 3877 495 3926 ime
514 3891 580 3925 vero
598 3875 737 3940 Principis
756 3874 843 3939 ipsius
862 3874 960 3923 stmliis
977 3875 1104 3939 rotisque
1124 3874 1263 3938 expetitus
1282 3874 1446 3923 adveneras.
1471 3876 1549 3924 cuius

251 3980 303 4030 ego
328 3964 434 4012 fectum
457 3960 572 4011 mirifice
596 3959 679 4009 leudo
697 3959 916 4024 probeque...’'
973 3956 1039 4008 ²iis
1056 3960 1092 4009 ΙΙ.
1111 3959 1155 4008 his
1173 3961 1232 4008 edd.
1289 3956 1408 4023 ⁴iisque
1426 3959 1462 4008 u.
1491 3959 1547 4009 his·

251 4064 303 4114 que
321 4050 381 4098 edd.
433 4046 553 4096 '0Nam
571 4047 608 4096 ΙΙ.
661 4045 724 4094 eiis
743 4046 779 4093 ΙΙ.
798 4045 837 4094 liis
854 4045 913 4093 edd.
967 4044 1066 4094 ¹⁰.Ae
1085 4045 1121 4094 H.
1176 4043 1195 4075 ¹¹
1215 4044 1337 4108 quetidie
1357 4047 1400 4094 13.
1455 4042 1476 4075 ¹⁸
1495 4045 1547 4093 llis

251 4150 302 4199 ege
321 4135 380 4182 edd.
400 4147 452 4197 ego
471 4133 520 4181 det.
534 4133 571 4181 II.
642 4128 663 4161 ¹⁴
683 4145 755 4179 caera
773 4131 832 4179 edd.
862 4135 961 4194 preter
979 4132 1023 4178 13.
1042 4146 1141 4187 omnes,-
1163 4137 1246 4180 iernen
1268 4146 1321 4180 crem
1344 4145 1392 4178 nen
1417 4132 1468 4193 ipsi
1483 4132 1547 4178 aeri·

249 4227 340 4284 ptores
362 4219 410 4267 sed
430 4233 519 4281 operte
543 4233 567 4266 ω
591 4232 616 4266 oe
641 4231 655 4265 e
678 4217 858 4278 perverterint,
884 4230 949 4263 ecre
966 4230 1019 4264 erem
1032 4217 1076 4263 1³.
1088 4216 1191 4279 scripsi.
1224 4231 1272 4262 non
1291 4215 1379 4263 eedem
1396 4230 1440 4264 rea
1457 4221 1497 4262 est
1514 4215 1547 4263 de

248 4306 318 4370 falce
336 4319 382 4353 usar
399 4304 494 4353 litterae
510 4317 595 4366 ypra
613 4301 636 4357 i,
654 4300 791 4364 superstent
809 4299 827 4348 h
844 4305 869 4349 et
887 4299 1014 4348 sterilibus.
1069 4314 1150 4348 errres
1172 4298 1363 4348 ebthuressem
1388 4298 1446 4360 (alti
1467 4299 1545 4347 obtu-

250 4389 369 4454 rassem)
388 4389 448 4438 edd.
479 4387 669 4436 obtlmressem
689 4381 812 4448 arrrelll.
849 4383 1040 4447 (obdurescere
1058 4385 1162 4447 scripsit
1180 4391 1205 4432 et
1222 4388 1353 4432 veritatem
1376 4390 1401 4431 et
1420 4384 1546 4432 latinita-

250 4481 298 4525 tem
314 4475 418 4538 pariter
435 4476 569 4538 neptepenr
587 4469 643 4534 13.)
695 4467 718 4502 ²⁰
735 4485 870 4519 nonnoni.
889 4472 915 4518 in
933 4487 1012 4532 arrerp.
1032 4472 1056 4518 5.
1110 4468 1129 4500 ²¹
1148 4469 1242 4517 Etiam
1261 4470 1320 4532 ipsc
1335 4469 1464 4517 ..estid
1485 4484 1544 4518 curu

250 4560 395 4611 bec..sit
412 4560 471 4608 edd.
525 4557 547 4589 ²⁶
566 4557 621 4607 siut
640 4572 688 4620 per
707 4555 799 4604 emnia
816 4556 875 4604 erld.
894 4561 993 4618 proter
1012 4558 1055 4604 13.
1097 4552 1119 4585 ²⁷
1136 4554 1210 4603 istud
1229 4557 1272 4603 13.
1313 4552 1336 4585 ²¹³
1354 4553 1545 4617 uniuscuiesrp

251 4647 287 4694 II.
306 4644 445 4694 heririnum
462 4645 522 4693 edd.
574 4642 597 4674 ⁸⁰
616 4641 790 4691 conforment
807 4641 866 4689 edd.
880 4657 949 4690 corr.
963 4640 1001 4688 H.
1055 4638 1076 4670 ³¹
1096 4641 1200 4688 sinunt
1218 4640 1343 4689 m.r.II.
1372 4645 1402 4686 ut
1420 4654 1454 4690 m.
1469 4654 1494 4687 r.
1508 4640 1543 4687 si·

250 4728 330 4779 miles
348 4731 407 4779 edd.
