3276 5414
341 390 389 438 Xl.
461 403 621 438 rumperes.
692 387 1147 450 n1at0evsnvrranrevs.(teto.)
1315 373 1380 444 38l

95 566 172 618 terea
197 559 331 635 accipere
355 575 484 617 munera·
500 576 550 616 eos
573 574 707 634 semper,
742 565 770 615 et
798 555 835 617 ab
865 557 1015 623 omnibus:
1050 565 1151 617 eontra
1182 576 1232 615 cos
1255 551 1261 620 Ι
1284 555 1391 641 {qm

96 679 164 719 rrrc
179 662 229 737 qui
246 677 367 719 rnnnera
385 676 443 718 aron
459 659 600 725 nllernnt,
624 657 779 735 supercilia
803 658 979 735 distringere
1001 666 1088 736 atqne
1104 677 1221 717 tinnient
1237 658 1392 718 oln'ortere

97 761 202 821 malam
219 762 358 839 operam?
380 739 549 826 etiameos,
573 761 715 838 siquando
731 760 833 819 cilensi
849 767 925 827 sunt,
950 759 1148 832 (offenduntur
1171 766 1268 819 antem
1291 759 1461 842 prohetae.

95 870 167 929 tate,
199 864 381 930 innocentia,
412 862 577 929 eruditione
600 869 629 922 et
650 862 678 921 id
702 879 796 938 genus
820 860 989 928 virtutibus,
1013 861 1064 922 sed
1087 863 1186 938 impri·
1208 870 1216 940 Ι
1238 857 1391 936 bilibit·

67 966 150 1023 sinis
173 965 311 1043 egestate)
346 970 408 1024 tnm
440 981 511 1023 xero
540 963 704 1039 demitigari
731 963 787 1021 nisi
816 961 920 1021 oblatis
943 961 1115 1022 muneribus
1138 961 1215 1021 band
1245 980 1392 1040 quaquam

94 1066 198 1142 posse?
221 1074 345 1125 autnon
362 1064 480 1125 videbas
495 1066 643 1125 neminem
660 1065 688 1122 in
705 1063 769 1124 aula
786 1080 875 1139 agere
898 1065 994 1123 minus
1017 1062 1140 1123 candide
1156 1065 1310 1141 minusque
1326 1081 1392 1142 syn·

94 1185 177 1235 cere,
201 1167 252 1227 sed
275 1175 345 1228 tunc
367 1169 493 1226 maxime
516 1166 651 1226 fraudem
675 1165 826 1226 intendere
850 1182 918 1232 eos,
945 1183 1012 1224 eum
1028 1164 1236 1241 benignissime
1259 1170 1265 1235 Ι
1289 1163 1393 1239 ῗξΙΙξΜ

94 1268 290 1345 respondent,
315 1276 343 1328 et
364 1268 473 1328 aulicas
496 1267 685 1328 salutationes
707 1286 742 1327 ac
765 1267 936 1344 magnilicos
958 1265 1023 1325 illos
1045 1285 1114 1327 suos
1137 1273 1258 1344 crepant
1278 1267 1393 1327 tomos?

157 1390 329 1432 uvrreuvs.
370 1371 570 1447 Cognoveram
594 1376 623 1429 et
645 1368 794 1437 videbam,
819 1368 869 1427 sed
894 1367 931 1427 ob
948 1368 976 1427 id
992 1367 1110 1430 brevius
1125 1370 1299 1445 perstrinxi,
1322 1371 1461 1447 quisce.

62 1471 297 1549 roproponebam
321 1471 404 1531 lactis
425 1471 582 1549 aliquando
606 1470 729 1548 impiere
752 1470 830 1548 qnod
853 1471 971 1547 scriptis
992 1471 1089 1531 minus
1113 1471 1294 1529 nocuissem:
1324 1487 1391 1529 nam

100 1575 231 1633 lutnrnm
255 1573 341 1633 etiam
365 1589 443 1631 nnnc
465 1590 518 1649 spe
540 1571 634 1632 ducnr
657 1572 835 1639 vehementi,
863 1578 897 1630 ut
919 1573 1073 1649 exigantur
1095 1570 1125 1631 bi
1142 1579 1169 1630 et
1186 1578 1323 1649 tanquam
1340 1572 1393 1645 im·

101 1673 253 1752 portabilia
278 1673 411 1752 spiratiam
436 1691 524 1733 onera
548 1693 563 1733 a
587 1673 756 1751 Principum
779 1674 870 1750 tergis
899 1671 1106 1740 detrabautnr3
1141 1672 1248 1749 quibus
1277 1680 1306 1733 tu
1335 1691 1394 1733 non

96 1784 182 1853 putas
206 1774 337 1836 utiliores
361 1795 424 1836 esse
448 1774 587 1836 ridiculos
609 1774 674 1834 illos
697 1783 725 1834 et
748 1776 911 1843 moriones,
935 1794 1022 1853 qnam
1045 1775 1298 1835 damnosissimum
1322 1776 1394 1836 scri-

96 1876 202 1936 barum
227 1875 347 1954 rulgns‘l

65 2002 88 2039 rs
162 1998 362 2040 saauersevs.
401 1979 473 2039 Esse
496 1998 579 2046 reor,
609 1978 646 2038 ob
676 1979 704 2038 id
732 1980 859 2039 maxime
887 1979 965 2057 qnod
990 1997 1091 2038 rernm
1115 1977 1270 2056 aliqnando
1293 1977 1395 2038 ‹licunt

98 2077 178 2138 nullo
201 2097 394 2157 personarum
417 2088 569 2158 respectu,
593 2099 661 2140 cum
683 2081 841 2140 lindissime
864 2080 1020 2141 aclnlentnr
1043 2080 1071 2139 bi
1094 2082 1207 2157 quoties
1228 2078 1236 2148 Ι
1258 2077 1394 2155 mm·

102 2178 217 2239 lucrum
242 2184 464 2259 conspiranter,
487 2182 523 2241 ad
547 2182 625 2260 quod
649 2184 745 2242 omnia
768 2182 913 2242 adornant
935 2190 964 2242 et
979 2190 1167 2259 componunt.
1201 2200 1303 2244 rernm
1319 2185 1415 2259 opti-t
1429 2196 1463 2241 sa

99 2300 163 2341 mos
191 2281 255 2341 illos
285 2282 503 2344 iureconsultos
531 2283 663 2344 dicemus
690 2283 809 2361 segnius
836 2302 941 2345 vexare
970 2302 1056 2361 qnam
1086 2283 1232 2371 Scribasq
1265 2307 1395 2344 conemur.

99 2384 305 2444 Germaniam?

64 2512 90 2551 n
164 2506 336 2548 nvrrsuvs.
374 2487 565 2565 Nequaquam
588 2488 719 2548 dicemus
727 2517 738 2555 ‚·
759 2506 861 2548 rernm
883 2487 940 2548 hoc
955 2489 1072 2565 peiores
1088 2490 1174 2548 etiam
1191 2487 1396 2557 indicabimus,

100 2586 178 2664 quod
201 2588 392 2647 indoctissimi
415 2607 483 2648 cnm
506 2591 578 2657 sint,
602 2589 680 2648 docti
702 2596 800 2649 tamen
823 2596 963 2667 putantur
986 2588 1071 2668 vulgo
1094 2609 1129 2650 ac
1144 2609 1175 2649 se
1198 2600 1205 2668 Ι
1229 2587 1397 2631 ⁰⁹⁵⁰l⁰⁶⁰¹“⁶·

1228 2631 1317 2665 eonsmtin
1334 2630 1395 2673 vulgo.

99 2687 173 2748 tales
195 2689 250 2765 ipsi
272 2690 393 2758 iactant,
418 2697 446 2749 et
469 2709 502 2749 ex
519 2691 638 2750 scicntia
655 2693 785 2750 omnium
801 2711 866 2769 qim
882 2699 949 2753 sunt
965 2692 1148 2758 tenuissima,
1175 2692 1261 2751 acad
1278 2709 1396 2753 omnem

66 2848 70 2855 ,
100 2808 201 2848 rerum
225 2793 445 2851 conversionem
469 2799 498 2850 et
519 2809 757 2870 unamquamque
780 2795 944 2854 ‹ommuns
966 2801 1058 2854 status
1087 2795 1275 2854 mutationem
1304 2795 1396 2853 intrr-

100 2890 234 2967 polabili.
259 2892 440 2952 odiosissime
463 2892 651 2970 superbiunt:
682 2894 776 2971 qualis
807 2896 884 2955 onim
915 2895 1007 2956 fastus
1036 2903 1079 2955 est
1102 2894 1232 2972 legnleo·
1253 2893 1261 2959 Ι
1283 2893 1464 2979 {Jffljtsa

64 3010 168 3053 esrum
191 2995 297 3070 passim
319 2994 417 3053 nunc?

166 3115 366 3157 rnauorscvs.
406 3093 489 3164 duan
513 3096 590 3156 nulla
614 3098 766 3157 bomimnn
789 3107 868 3159 secta
891 3105 992 3159 tumet.

165 3216 337 3259 nvr'rauvs.
376 3196 411 3256 Et
433 3197 549 3275 qualem
573 3199 651 3259 serre
674 3199 713 3258 dii
735 3207 823 3278 atque
845 3200 979 3262 homines
1002 3202 1114 3280 possint
1136 3202 1262 3263 diutius?

165 3318 365 3361 rnauclscvs.
404 3300 511 3370 Quem,
535 3307 568 3360 nt
590 3300 660 3359 mibi
683 3300 801 3378 quidem
823 3301 952 3367 videtur.
977 3305 1183 3380 nonpossint:
1207 3322 1274 3364 nam
1290 3313 1398 3383 prater

103 3417 273 3460 mensuram
296 3409 348 3461 est.

68 3526 95 3564 so
168 3522 340 3564 iuraruvs.
378 3503 415 3562 Et
442 3523 476 3562 ex
505 3522 539 3564 re
566 3502 648 3563 nibili
677 3511 737 3562 est:
772 3521 839 3563 nam
868 3505 1012 3581 siquando
1041 3515 1221 3581 cognoscant
1248 3507 1400 3586 Principes

104 3604 242 3663 Germani
270 3621 336 3681 iqua
364 3622 449 3683 nuga
478 3623 536 3682 qna
567 3606 714 3682 gravitatis
742 3606 839 3682 speeie
862 3606 940 3682 apud
964 3606 1018 3666 bos
1040 3607 1144 3666 lucatae
1166 3615 1238 3684 tel
1273 3606 1399 3690 ,fflffiffib

105 3711 245 3773 creantur,
276 3712 373 3765 actnm
404 3706 440 3766 de
470 3709 603 3767 universa
632 3705 877 3767 Bartholistarnm
905 3706 1005 3766 scbola
1033 3709 1136 3775 luerit;
1167 3714 1196 3767 et
1223 3717 1320 3768 tanmn
1347 3709 1398 3770 ab·

105 3805 201 3866 ductis
222 3806 252 3865 in
276 3825 409 3869 errorem
433 3807 533 3868 mnudi
556 3808 742 3886 opinionibus
765 3810 909 3868 axiomata
931 3827 984 3868 sna
1007 3808 1219 3870 honestissimis
1235 3808 1399 3889 qnilnrsqnc

105 3906 218 3967 artibus
239 3908 415 3985 praeerunt:
454 3911 614 3987 quinetiam
644 3911 756 3970 omneis
787 3909 915 3988 reliquas
938 3908 1106 3987 disciplinas
1128 3917 1161 3969 nt
1182 3901 1190 3968 Ι
1213 3909 1398 3986 ‘mmm'

72 4009 203 4067 asinariis
225 4027 323 4086 operae
345 4030 378 4071 ao
401 4011 488 4071 studii
510 4011 726 4088 adspernantur
749 4019 777 4072 et
799 4012 951 4081 reiicinnt,
974 4011 1010 4071 ab
1033 4029 1065 4071 se
1086 4011 1201 4087 irrigem
1226 4010 1338 4087 colligi,
1361 4011 1399 4072 ab

105 4109 168 4171 aliis
183 4110 295 4187 paleam
312 4131 347 4173 ac
361 4111 461 4173 inlelix
476 4111 578 4173 lolium
593 4114 650 4190 peti
668 4112 847 4180 dictitantes:
871 4112 1005 4173 homines
1020 4113 1093 4173 adeo
1109 4115 1217 4182 crassi,
1241 4120 1273 4172 ut
1294 4114 1399 4174 crassi·

106 4213 145 4273 tie
167 4231 219 4272 sua
242 4221 434 4291 corrumpant
449 4216 558 4292 optima
576 4232 787 4292 nonnunquam
803 4216 934 4293 ingenia,
958 4214 1009 4275 ubi
1026 4222 1246 4275 conversantur.
1270 4224 1278 4293 Ι
1300 4211 1400 4292 fimf

169 4335 368 4377 rnascxscvs.
407 4316 449 4376 lta
471 4317 518 4385 nt,
542 4323 683 4395 quantum
704 4317 809 4386 audio,
835 4325 865 4377 nt
888 4319 937 4395 qui
953 4316 1113 4395 prudentes
1127 4315 1181 4375 soli
1190 4323 1353 4393 putantur,
1376 4316 1467 4376 iil-⁹⁴.

106 4415 269 4493 prudentia
291 4418 386 4476 omnis
408 4418 568 4477 inanissimi
590 4420 655 4478 sint.

71 4537 99 4576 ro
172 4538 343 4579 uvrrruvs.
382 4518 419 4578 Ut
441 4519 499 4578 ais:
532 4538 600 4579 nam
623 4537 689 4598 quae
710 4537 759 4579 ars
781 4528 839 4589 est,
864 4521 912 4580 nbi
936 4519 1140 4580 rerlmsissima
1163 4510 1269 4580 disci-l
1291 4539 1399 4575 aanor«.

107 4617 199 4695 plina,
233 4620 257 4678 si
280 4618 430 4696 disciplina
459 4622 556 4680 vocari
586 4629 736 4688 meretum·
767 4622 955 4681 infantissimo
986 4619 1160 4698 loquacitate
1188 4621 1314 4679 nitatur?
1350 4628 1402 4681 ant

107 4738 172 4799 (quaa
194 4720 365 4798 prudentia,
395 4720 445 4781 nbi
467 4720 535 4781 dolo
558 4722 827 4782 circunneninntur
849 4721 1010 4799 simplices,
1034 4727 1063 4780 et
1086 4719 1188 4781 callida
1210 4712 1220 4781 l
1247 4745 1400 4783 seruam.
