3330 5408
174 433 292 468 υιιιιοιιι
312 433 417 470 suern
436 432 553 469 rusrrre
572 432 697 467 cruorum.
719 413 761 483 [u]
779 430 909 466 ersrurre
928 430 962 466 ur
982 427 1212 466 evreuemrroure
1230 426 1332 464 eveus.
1386 396 1454 468 57?
1525 463 1527 467 ,

236 592 363 649 Pictas.
401 591 480 647 Hem!
1470 600 1529 651 §.tn

238 676 470 751 Superstitio.
508 675 559 732 Sex
582 693 675 750 magos
698 677 803 751 tingunt
827 677 872 750 qui
895 676 1033 731 dominum
1057 675 1249 735 adoraverunt,
1273 690 1356 747 quum
1379 672 1462 729 Eran-

174 762 275 837 geiium
300 770 404 820 tautum
428 770 483 817 tros
505 770 712 818 connumeret:
736 779 796 818 uam
820 771 876 817 tres
898 760 1019 816 Coloniae
1046 776 1107 838 esse
1134 760 1240 820 ierunt:
1271 757 1329 813 itali
1358 757 1461 814 similes

176 847 339 908 ostendunt:
372 855 399 903 et
420 848 492 903 duos
514 847 637 910 lacobus.
667 864 751 904 unum
774 847 801 902 in
824 845 949 908 Gallicis,
978 853 1059 919 atque
1081 843 1164 900 atium
1187 844 1214 898 iu
1237 841 1384 906 Tboiossm
1406 844 1461 900 duo

147 935 260 988 sunum
281 933 385 1006 capita.
409 933 462 988 duo
485 933 622 994 umaro,
647 933 699 988 tria
723 933 893 993 Catbarinre.
917 939 944 986 et
967 932 1061 985 irarum
1076 945 1210 1003 nugarum
1226 928 1316 985 nutius
1332 936 1374 986 est
1389 929 1460 985 finis.

238 1017 366 1074 Pietas.
404 1019 482 1073 Arari
507 1036 568 1073 roro
591 1026 620 1074 et
641 1018 730 1092 cupidi
755 1018 800 1091 qui
825 1017 854 1072 tu
875 1025 906 1072 ut
927 1017 983 1071 siut
1005 1014 1209 1089 superstitiosi?
1471 1022 1531 1073 brt.

226 1101 470 1177 Superstitio.
507 1103 638 1175 ignoras?
679 1103 860 1159 Rorrrancnses
896 1110 1003 1175 specta.
1038 1100 1153 1173 insignia
1189 1101 1312 1173 quusdrun
1344 1100 1463 1157 eraritieo

175 1195 320 1262 portenta,
343 1205 423 1260 qnam
445 1188 566 1244 fraudem
590 1188 628 1244 iiii
652 1205 706 1245 uon
730 1188 912 1244 meditantur?
935 1186 999 1260 quid
1022 1203 1077 1241 uon
1105 1184 1246 1247 simulant,
1274 1186 1307 1241 de
1334 1184 1406 1241 bello
1437 1186 1464 1242 iu

176 1273 305 1335 Tuccam,
328 1273 361 1328 de
384 1275 555 1347 reparatione
577 1274 643 1329 ardis
665 1274 718 1328 diri
741 1274 832 1329 Petri?
860 1289 914 1328 non
938 1272 1046 1344 quidem
1068 1279 1098 1325 ut
1121 1278 1203 1343 agent
1224 1270 1340 1343 aliquid,
1364 1271 1411 1326 sed
1433 1277 1465 1327 ut

142 1372 167 1412 ro
176 1357 351 1420 delicientur,
385 1366 412 1414 et
442 1360 628 1415 strennuinres
656 1359 711 1414 siut
739 1358 850 1419 Milesii:
885 1365 916 1413 ut
950 1365 1083 1430 perpetuo
1115 1355 1272 1411 dementent
1300 1354 1461 1412 Germanos:

176 1459 265 1515 neque
288 1436 359 1498 enini
382 1443 464 1499 uilem
486 1453 594 1517 gentem
617 1445 656 1500 sie
677 1443 802 1499 divexant
824 1451 854 1498 ut
877 1440 964 1503 iilam:
994 1451 1023 1497 ut
1047 1457 1152 1496 omnem
1176 1440 1231 1495 iilis
1254 1440 1461 1497 substantiolam
1472 1443 1532 1494 brt,

174 1536 306 1599 erugant.
330 1537 360 1583 ut
382 1545 476 1584 aurum
499 1529 605 1602 rapiant
627 1528 793 1589 Germaniae.
823 1528 890 1583 meis
912 1527 1007 1601 utique
1030 1524 1070 1598 (ut
1091 1525 1157 1598 dixi)
1179 1526 1344 1600 praestigiis:
1375 1526 1399 1583 id
1421 1535 1463 1583 est

174 1629 249 1673 cera,
273 1611 368 1675 bullis,
392 1613 580 1687 indulgentiis,
604 1614 724 1687 plumbo.

237 1697 364 1754 Pietas.
401 1697 488 1766 Quare
511 1715 565 1755 nou
589 1699 711 1773 improbe
734 1699 847 1755 iecerint
869 1697 994 1753 Gernrani
1016 1698 1038 1753 si
1063 1704 1119 1752 tota
1142 1695 1225 1752 senrel
1247 1695 1360 1753 cohorte
1381 1696 1463 1752 simo·
1502 1739 1505 1744 .

139 1797 165 1836 ιι
177 1781 252 1837 aiace
275 1781 385 1858 explosa
408 1792 489 1857 etque
512 1785 634 1840 funditus
655 1783 758 1846 dciete,
781 1792 813 1839 ut
835 1782 899 1839 oiim
922 1782 1038 1839 Sodoma
1061 1790 1088 1838 et
1110 1781 1256 1845 Gomorra,
1287 1782 1408 1857 aspirent
1431 1782 1464 1839 ed
1558 1772 1564 1789 ⁸

176 1867 318 1940 pristinem
342 1868 503 1925 libertatem.
933 1937 936 1943 ¹

240 1952 475 2027 Superstitio.
512 1954 540 2010 Si
563 1962 698 2028 saperent.
949 1978 953 1987 ·
985 1958 987 1964 ’
1199 2006 1202 2012 .
1472 1956 1533 2007 Mi·

238 2037 363 2093 Pictas.
401 2038 433 2094 Et
456 2039 506 2095 iem
530 2043 654 2113 sapiunt.
679 2055 832 2113 ‹punarquum
855 2056 917 2095 sero
939 2038 1056 2094 fortasse
1079 2038 1167 2093 nimis.

177 2166 180 2173 .
240 2123 477 2195 Superstitio.
515 2125 565 2180 Sed
589 2124 876 2186 excommunicabunt,
899 2122 1097 2197 aggravabunt,
1120 2122 1350 2199 reaggravabuut‚
1374 2122 1463 2179 exciu-

138 2207 243 2264 eedent
266 2206 300 2263 ab
322 2208 449 2271 ccclesia,
473 2219 501 2265 et
523 2210 647 2265 Satirame
670 2211 791 2265 tradent:
815 2227 848 2264 eo
870 2210 940 2264 enirn
964 2208 1018 2264 iiiis
1042 2208 1130 2264 omnia
1153 2207 1245 2265 tieent.

227 2292 367 2350 'Pietas¹
405 2294 463 2349 Nou
493 2295 544 2350 boc
571 2294 714 2351 admodum
741 2293 880 2368 gravabit,
914 2294 960 2366 qni
989 2294 1102 2368 perinde
1131 2293 1184 2350 boc
1211 2310 1282 2349 nunc
1310 2293 1413 2350 fuciunt
1435 2301 1465 2350 ut

175 2377 292 2434 bombos
313 2387 341 2434 et
361 2379 463 2435 velitris
484 2380 613 2453 crepitus.

242 2461 477 2537 Superstitio.
514 2463 657 2521 Ecclesiam
680 2482 747 2538 ergo
769 2464 811 2521 dei
835 2465 1026 2521 contemnent?
1472 2470 1532 2520 ιιι.

239 2547 367 2604 Pietas.
404 2548 486 2618 Quam
509 2549 668 2606 ecclesiam?

140 2652 167 2692 ee
242 2631 474 2707 Superstitio.
511 2634 574 2690 Eam
596 2636 690 2710 utique
714 2652 774 2709 quie
797 2643 840 2691 est
863 2635 889 2689 in
912 2635 991 2690 Curia
1015 2643 1043 2690 ct
1064 2635 1091 2690 in
1114 2634 1216 2709 palatio
1239 2634 1386 2710 pontificis.

242 2716 369 2775 Pictas.
408 2719 552 2776 Eeciesiarn
575 2721 633 2782 dei,
656 2720 755 2776 Christi
778 2737 907 2794 sponsam
929 2719 1143 2783 immaculatam,
1173 2721 1231 2776 sine
1260 2719 1378 2782 maenia.
1406 2720 1465 2777 siue

177 2817 260 2873 ruga,
285 2802 432 2865 illibatam.
462 2805 630 2878 impollutam
652 2813 827 2862 contemnent
848 2822 1033 2880 nequientem:
1060 2822 1152 2862 rerum
1181 2804 1244 2862 huic
1271 2803 1388 2861 concilio
1411 2822 1466 2862 ma·

177 2885 340 2958 liguentiunr
363 2900 390 2945 ot
413 2891 528 2964 Tarpeio
552 2908 615 2946 saxo
638 2891 730 2947 nescio
753 2891 817 2965 qnid
839 2889 902 2947 maii
926 2889 1107 2947 intentabant.

243 2974 478 3048 Superstitio.
515 2975 606 3049 Neque
630 2984 658 3031 tu
681 2976 792 3032 Romam
814 2975 895 3038 coiis.
919 2984 950 3032 ut
971 2977 1061 3032 audio.
1474 2982 1533 3032 §.tt
1575 3001 1583 3009 ¹

141 3077 169 3116 ao
242 3058 370 3115 Pietas.
408 3059 507 3116 Nuiiibi
530 3062 619 3116 minus
642 3078 721 3135 quam
743 3063 835 3118 Romae
858 3080 932 3123 sum,
962 3060 1043 3135 pauiu
1072 3068 1135 3135 post
1162 3061 1214 3116 diri
1237 3061 1310 3116 Petri
1339 3068 1368 3116 et
1389 3060 1465 3117 Pauii

179 3151 302 3216 tempora
325 3144 380 3202 ibic
402 3147 574 3222 peregrinata
596 3145 704 3201 iuterim
727 3146 838 3203 Romam
861 3147 912 3201 vidi
936 3163 1079 3219 nunqnam.

229 3227 474 3304 Superstitio.
511 3232 620 3304 retego
643 3230 710 3286 nulii
734 3231 774 3287 rel
797 3231 921 3286 iocorum
943 3231 985 3286 rol
1008 3231 1130 3305 gentium
1146 3231 1216 3304 dego
1233 3229 1387 3295 lubentius,
1410 3248 1466 3289 ma·

178 3312 249 3368 sime
270 3331 334 3371 vero
358 3315 386 3370 iu
408 3315 512 3372 aedibus
533 3314 723 3371 cardinalium.

242 3399 367 3455 Pietas.
405 3399 438 3456 Et
460 3418 513 3457 nou
538 3400 683 3456 offenderis
706 3400 815 3457 iliorum
838 3398 974 3475 piaculis?
1011 3462 1013 3467 ,

142 3503 168 3543 ao
243 3484 476 3559 Superstitio.
513 3485 607 3541 brunia
628 3485 785 3547 dissimulo,
814 3493 844 3540 ut
867 3500 942 3541 meos
965 3487 1069 3542 iaciant.

242 3569 372 3626 Pietas.
409 3570 505 3627 Vidisti
528 3570 672 3644 aliquando
696 3571 835 3627 Variiscum
859 3569 934 3626 iilum
958 3570 1106 3627 Romanum
1128 3568 1287 3626 consulem?
1475 3583 1534 3632 §.re
1582 3634 1585 3639 Ι

243 3655 471 3731 Superstitio.
510 3656 585 3719 Vidi;
608 3657 721 3731 iusuper
743 3663 771 3713 et
792 3655 952 3730 gravissimo
976 3656 1039 3712 odio
1062 3654 1192 3711 insector.

242 3739 366 3796 Pietas.
404 3740 601 3808 Quamobrem?

242 3823 477 3900 Superstitio.
516 3825 591 3894 (duod
616 3827 725 3884 ociosus
749 3826 815 3882 nihii
839 3827 896 3900 agit
919 3826 990 3882 aliud
1021 3843 1100 3901 qurum
1129 3826 1203 3900 quod
1232 3824 1347 3883 aliorum
1376 3844 1467 3884 mores

142 3909 314 3969 inobservat.

243 3996 372 4051 Pietas.
410 3995 438 4050 id
461 4004 520 4051 erat
543 4004 597 4053 tam
621 3997 768 4052 absurdum
792 3997 850 4052 viro
874 3999 1019 4072 prudenti?

243 4079 472 4219 Supprstitio.
509 4081 593 4137 turmo
624 4081 864 4139 absumtissimum:
898 4101 948 4140 uec
975 4083 1040 4140 inibi
1071 4083 1228 4159 temperabo
1256 4085 1323 4158 quin
1349 4083 1424 4162 *bunc
1451 4102 1467 4142 c

178 4165 267 4221 medio
291 4165 393 4222 totam.

242 4251 371 4307 Pietas.
409 4251 506 4308 Verum
530 4252 622 4306 evasit.

143 4353 169 4394 te
244 4336 478 4409 Superstitio.
515 4339 623 4410 Apragc;
646 4356 744 4411 apage:
768 4339 868 4394 erasit?
892 4338 954 4394 ubi?
1476 4357 1533 4406 uzu,

242 4422 373 4477 Pictas.
409 4421 502 4496 Nuper
523 4422 693 4478 Germaniam
709 4425 885 4497 peragrarit,
919 4422 1086 4497 Pesquiilunr
1110 4441 1250 4496 quereum
1279 4443 1360 4500 quem
1383 4444 1465 4500 ‹puum

178 4525 234 4564 noo
256 4506 420 4582 reperisset,
443 4509 470 4564 in
493 4507 619 4564 Geticiam
643 4516 685 4562 cst
707 4517 908 4583 prosequutus,
939 4525 990 4566 nec
1012 4507 1095 4583 longe
1117 4509 1204 4565 aberit
1227 4511 1292 4586 quin
1322 4509 1402 4569 umbo
1426 4528 1468 4568 re·

245 4773 269 4849 ,²⁰
286 4774 398 4826 Nuttubi
416 4782 441 4826 2.
494 4775 515 4807 ⁴⁶
534 4776 577 4826 Cf.
592 4776 761 4842 I'asquiiium
774 4777 876 4829 Cirum.
