3276 5414
623 386 741 422 mutent
760 384 1042 421 rsttvnuttvrrntttct.

248 551 427 606 lluttcnus.
465 547 581 623 Qaioquo
604 545 684 602 morlo
707 544 841 606 volueris,
863 545 943 601 iaaodo
966 545 1091 601 leceris.

249 636 398 691 l'eritas.
437 633 568 689 Facturus
590 651 619 687 es
642 639 731 686 autem
756 648 816 704 qum
841 630 1021 706 prauipiam?

249 721 429 776 lluttcnus.
467 719 494 774 Si
518 717 660 773 rirlebitnr.

250 806 401 861 l'eritas.
438 805 511 859 Pone
534 803 670 857 thoracem
692 810 720 857 et
742 799 855 873 galeam.

251 891 437 946 lluttcnus.
475 888 543 955 lluid
566 887 617 943 huc
640 886 679 942 rei
701 888 761 941 est?

142 1004 146 1015 ·
231 975 402 1030 -Vcritas
439 972 472 1028 Et
494 972 631 1028 baltheum
654 970 769 1034 solvito;
793 979 836 1033 tu,
861 989 942 1047 [itaer.
967 990 1070 1028 ensem
1097 973 1218 1046 accipe.

165 1080 178 1106 ν·
253 1060 436 1115 lluttcnus.
469 1058 627 1113 Exarmatus
650 1074 719 1111 sirau.

254 1146 402 1200 Veritas.
439 1141 550 1198 Meliora
572 1141 725 1216 praestabo:
750 1141 830 1197 induo
854 1150 879 1197 to
903 1142 1016 1198 thurario
1043 1143 1111 1199 hoc.

253 1231 439 1285 lluttcnus.
476 1227 566 1288 Proh,
590 1243 669 1300 spiram
693 1243 773 1300 asper
794 1235 822 1282 et
844 1227 981 1282 aheneus!

254 1315 401 1372 l'oritas.
439 1311 544 1367 lustitia
566 1320 616 1366 est.
661 1312 708 1367 sed
731 1312 808 1368 ilecto
830 1310 969 1368 cervicem.

254 1400 274 1455 ll
284 1408 380 1455 utteu
389 1417 434 1454 us.
474 1396 612 1452 ludnercm
636 1415 688 1470 ego
711 1414 802 1452 revera
827 1397 877 1453 tria
900 1398 988 1471 capita
1011 1397 1121 1471 galero
1150 1399 1234 1454 huic.

255 1484 405 1541 Veritas.
443 1481 521 1538 Salus
543 1481 642 1537 Christi
667 1490 717 1537 est.

252 1570 436 1626 lluttcnus.
474 1565 600 1623 baltheus
623 1583 686 1622 reru
709 1566 838 1622 candidus
861 1567 924 1640 apud
946 1572 1004 1622 estt

253 1655 398 1710 l'eritas.
438 1651 541 1707 Veritas
564 1651 762 1726 syncerissima.
807 1668 879 1721 rarrrrc
901 1660 1006 1708 scutum
1033 1653 1141 1710 ululito
1170 1656 1250 1711 lidei.

253 1741 437 1795 lluttcnus.
475 1735 542 1792 Num
566 1745 593 1792 et
615 1735 733 1809 gladium
756 1735 851 1792 dabis?

255 1824 402 1880 Veritas.
440 1822 648 1882 Acutisshmuu,
672 1821 782 1876 verloum
805 1819 928 1877 videlicet
950 1822 1002 1877 dei.

255 1910 442 1965 lluttcnus.
481 1908 566 1974 Quam
589 1906 656 1962 bene
679 1914 799 1962 armatus
822 1923 890 1962 sum.

136 2027 142 2037 ·
175 2028 181 2040 ·
257 1994 405 2050 l'eritas.
443 1991 561 2048 incedito
583 2008 663 2067 narrqc.

257 2082 442 2136 lluttcnus.
481 2077 551 2139 dhe,
575 2095 655 2150 qiiam
678 2093 721 2134 mc
744 2076 842 2150 premit
865 2077 960 2134 thorax
981 2078 1054 2134 circa
1078 2081 1248 2153 crepundia
1275 2090 1306 2136 et
1332 2092 1429 2138 costas.

256 2165 404 2220 Veritas.
442 2160 592 2235 lligladiarc
614 2162 756 2219 modicum.

256 2251 441 2305 lluttcnus.
480 2246 590 2304 llillieilo
614 2255 731 2303 tractatu
753 2254 795 2303 cst
818 2247 861 2304 hic
883 2247 997 2321 gladius.

158 2363 161 2371 =
256 2335 405 2390 Veritas.
443 2333 535 2405 hunge
557 2331 638 2388 aliter
659 2349 692 2389 eo
715 2333 842 2388 utcudum
865 2349 944 2406 quam
967 2332 1151 2407 eloquentiae..
1190 2337 1243 2392 sed
1271 2339 1447 2413 prrorrqitulus
1464 2357 1488 2393 es

193 2431 223 2478 ut
246 2421 336 2480 rideo.
359 2427 388 2474 ct
409 2417 583 2474 ambidexter.

123 2508 181 2555 lll-
256 2506 442 2561 lluttcnus.
481 2502 534 2558 lana
558 2503 642 2576 igitur
664 2503 730 2559 satis
753 2503 932 2577 praeumuitus
955 2520 1028 2565 sum,
1052 2521 1087 2560 uo
1112 2507 1184 2561 mihi
1212 2517 1324 2565 noceat
1348 2481 1427 2585 quib?

257 2590 404 2646 l'eritas.
441 2588 572 2644 Necdum:
602 2606 662 2644 nam
690 2597 717 2644 ct
746 2588 911 2645 observanda
938 2597 1019 2644 crunt
1047 2587 1151 2662 aliqua.
1202 2611 1332 2650 irxorcru
1357 2614 1411 2651 non
1432 2608 1502 2652 carra:

193 2678 248 2738 bis.
273 2694 327 2731 nori
351 2673 468 2736 liberos,
492 2690 546 2729 neu
569 2691 678 2736 aurum,
702 2674 748 2729 sed
773 2672 861 2729 orriuia
885 2673 942 2729 baec
965 2682 1093 2748 tanquam
1118 2693 1216 2750 nugas
1244 2681 1436 2742 existimabis:
1461 2700 1490 2754 pa

193 2763 272 2818 triaam
294 2777 358 2816 vero
381 2758 497 2821 amabis:
526 2775 607 2831 ipram
629 2767 659 2814 ut
682 2756 802 2814 libertati
824 2759 921 2820 dones,
946 2758 1083 2832 relinques
1106 2768 1266 2834 paternam
1293 2766 1425 2827 elisurum.
1449 2786 1490 2840 spe

191 2847 278 2902 culam
302 2844 419 2918 aliquam
442 2842 604 2899 inhabitabis
627 2851 673 2900 aut
694 2843 828 2899 desertam
851 2844 957 2899 turrim.
1002 2843 1088 2899 libros
1120 2845 1173 2900 tihi
1207 2852 1400 2924 ctorrrparabis
1421 2870 1491 2926 qnam

196 2931 303 3005 plures,
333 2939 364 2985 et
390 2929 440 2984 hus
463 2928 596 3002 optimos.
628 2937 684 2984 tum
706 2929 806 2984 Christi
835 2927 1002 3003 evangelium
1031 2929 1191 3004 praecipue:
1219 2943 1252 2989 et
1288 2937 1313 2991 si
1347 2938 1411 3011 quis
1440 2937 1491 2992 uhn

197 3026 221 3073 te
246 3015 440 3090 proscripserit
463 3014 502 3069 rel
525 3013 704 3075 darrmarerit,
728 3014 835 3070 minime
858 3015 930 3070 leres
953 3014 1055 3071 acerbe.
1496 3034 1507 3063 ³

124 3106 182 3155 tlt.
257 3102 446 3156 lluttcnus.
485 3099 517 3155 Ut
539 3097 630 3159 videri.
655 3099 776 3174 Stoicum
799 3116 841 3154 mc
864 3099 985 3155 instituis
1006 3099 1219 3174 philosophum.

258 3186 409 3243 Veritas.
447 3183 641 3257 Philosophum
665 3202 848 3258 nequaqnam,
871 3184 917 3240 scd
941 3183 1118 3240 christianum
1144 3186 1284 3246 militem.

257 3272 436 3326 lluttcnus.
474 3270 508 3324 tlt
530 3284 584 3324 nou
608 3269 644 3324 ita
667 3287 733 3325 suos
756 3286 844 3343 nuper
866 3269 1004 3343 insignivit
1026 3267 1141 3325 Carolus
1165 3270 1338 3348 imperator
1370 3281 1492 3335 inanium.

192 3374 253 3413 erim
277 3355 361 3430 potiri
383 3362 503 3429 coeperat
526 3353 649 3427 imperio.

258 3441 405 3496 Veritas.
443 3439 463 3494 li
486 3437 580 3512 quales
603 3437 697 3512 quales
720 3439 788 3501 sint,
813 3439 879 3494 nihil
902 3457 959 3496 mea
982 3439 1111 3503 interest;
1135 3441 1301 3501 Christiani
1319 3449 1423 3505 militis
1437 3450 1511 3504 arder

194 3535 256 3583 saint
280 3527 392 3586 soritas,
417 3524 537 3586 iustitia,
561 3524 709 3585 fortitudo.
733 3525 864 3597 grarritas.
888 3525 968 3587 lidcs,
992 3523 1101 3580 verbum
1123 3526 1253 3592 Christi.
1282 3533 1395 3606 quibus
1419 3537 1494 3591 teos

195 3612 328 3667 (declarari.

124 3703 183 3751 sai
258 3697 278 3751 ll
288 3704 388 3751 utteu
398 3712 413 3748 u
423 3714 444 3748 s.
481 3695 516 3750 lla
539 3703 567 3750 et
588 3711 684 3749 aureas
707 3696 845 3768 phaleras.
868 3702 896 3750 et
918 3695 1067 3751 cauterium
1090 3694 1223 3769 aliquem.

199 3770 203 3780 ’
257 3782 403 3836 Veritas.
440 3779 594 3835 Cauterium
631 3778 735 3835 ursillum
770 3781 805 3836 do
842 3779 939 3841 alium.
982 3796 1062 3854 quam
1098 3779 1206 3854 pultum
1251 3785 1308 3842 lilii
1351 3792 1497 3865 subiugata

192 3867 234 3920 cui
265 3866 363 3922 insedit
385 3865 509 3922 Christus
537 3865 662 3921 ‹loruinus
691 3862 725 3935 (si
754 3865 861 3940 quidem
889 3866 1012 3940 equitare
1039 3863 1126 3937 lubet)
1161 3876 1210 3923 aut
1250 3869 1341 3931 illum
1374 3876 1514 3935 Zaclianar

193 3969 306 4007 usurum.
406 3993 411 4007 .

259 4035 445 4091 lluttcnus.
483 4036 540 4091 Non
563 4035 643 4090 alium
667 4035 731 4090 auihi
753 4035 830 4091 ‹tailiis
844 4035 977 4100 caballum
992 4050 1072 4109 quam
1087 4035 1192 4094 mulam
1208 4048 1263 4098 aut
1280 4046 1421 4104 asinum?
1443 4048 1501 4103 bisce

125 4120 336 4182 §.audebellaho
360 4130 401 4177 tot
423 4121 608 4177 aalversarios‘l

258 4206 404 4261 Veritas.
443 4208 530 4279 Atque
554 4207 588 4261 ita
613 4208 762 4263 instructus
785 4207 905 4262 inaxiruis
928 4205 1038 4276 regibus
1061 4215 1089 4262 et
1111 4207 1299 4285 principibus
1332 4220 1393 4276 ρης
1425 4222 1502 4277 qm..

193 4289 305 4353 dabilis;
335 4292 399 4364 quiu
428 4301 454 4347 ct
484 4291 537 4346 illis
559 4292 643 4348 libere
665 4291 874 4351 coraririaberis.
902 4291 1035 4367 siquando
1058 4309 1100 4347 ure
1122 4293 1227 4351 videris
1255 4300 1431 4369 obscuras-h
1458 4317 1519 4362 urina

195 4375 304 4431 timebis
327 4395 341 4431 a
366 4378 433 4433 lacio
456 4394 564 4440 eorum.
587 4387 615 4434 et
637 4379 695 4453 ipsa
717 4378 798 4434 ctiam
822 4377 872 4433 tibi
895 4377 990 4440 adero,
1023 4385 1054 4434 ut
1074 4376 1193 4436 liberem
1219 4390 1260 4439 te.
1315 4389 1361 4445 Ab
1385 4392 1439 4450 boc
1460 4411 1505 4448 mu

260 4640 282 4674 ¹¹
301 4643 377 4709 milri}
396 4662 438 4695 me
459 4650 481 4695 l.
534 4647 555 4680 ³⁸
575 4645 738 4713 cartherium]
758 4645 1050 4714 canteriuszsstttu.
1102 4644 1126 4680 ⁴⁰
1143 4647 1278 4706 Zaobsr.
1295 4659 1385 4716 lxm.
1433 4662 1506 4713 ὅθί.

194 4729 289 4775 lerona.
306 4727 325 4774 l.
340 4730 365 4777 8:
1398 4729 1408 4755 ⁶
