<?xml version="1.0" encoding="UTF-8"?>
<!DOCTYPE html PUBLIC "-//W3C//DTD XHTML 1.0 Transitional//EN"
    "http://www.w3.org/TR/xhtml1/DTD/xhtml1-transitional.dtd">
<html xmlns="http://www.w3.org/1999/xhtml" xml:lang="en" lang="en">
 <head>
  <title>
</title>
<meta http-equiv="Content-Type" content="text/html;charset=utf-8" />
  <meta name='ocr-system' content='tesseract 3.04.00' />
  <meta name='ocr-capabilities' content='ocr_page ocr_carea ocr_par ocr_line ocrx_word'/>
</head>
<body>
  <div class='ocr_page' id='page_1' title='image "./ulrichihuttenie10huttgoog_0473.png"; bbox 0 0 3276 5414; ppageno 0'>
   <div class='ocr_carea' id='block_1_1' title="bbox 194 318 1060 402">
    <p class='ocr_par' dir='ltr' id='par_1_1' title="bbox 194 318 1060 402">
     <span class='ocr_line' id='line_1_1' title="bbox 194 318 1060 402; baseline -0.012 -14"><span class='ocrx_word' id='word_1_1' title='bbox 194 318 268 402; x_wconf 64' lang='grc'><strong>440</strong></span> <span class='ocrx_word' id='word_1_2' title='bbox 637 345 753 381; x_wconf 71' lang='lat' dir='ltr'><strong>»anneot</strong></span> <span class='ocrx_word' id='word_1_3' title='bbox 778 345 1060 381; x_wconf 69' lang='lat' dir='ltr'><strong>PSBVDORVTTBMOE.</strong></span> 
     </span>
    </p>
   </div>
   <div class='ocr_carea' id='block_1_2' title="bbox 124 503 1525 3729">
    <p class='ocr_par' dir='ltr' id='par_1_2' title="bbox 256 503 844 579">
     <span class='ocr_line' id='line_1_2' title="bbox 256 503 844 579; baseline -0.009 -18"><span class='ocrx_word' id='word_1_4' title='bbox 256 505 378 561; x_wconf 89' lang='lat' dir='ltr'><strong>lnlius.</strong></span> <span class='ocrx_word' id='word_1_5' title='bbox 416 505 453 560; x_wconf 81' lang='lat' dir='ltr'><strong>h&#39;ti</strong></span> <span class='ocrx_word' id='word_1_6' title='bbox 477 504 512 561; x_wconf 93' lang='lat' dir='ltr'><strong>ob</strong></span> <span class='ocrx_word' id='word_1_7' title='bbox 532 504 704 578; x_wconf 78' lang='lat' dir='ltr'><strong>saerilegium</strong></span> <span class='ocrx_word' id='word_1_8' title='bbox 729 503 844 579; x_wconf 89' lang='lat' dir='ltr'><strong>quidem.</strong></span> 
     </span>
    </p>

    <p class='ocr_par' dir='ltr' id='par_1_3' title="bbox 257 590 782 664">
     <span class='ocr_line' id='line_1_3' title="bbox 257 590 782 664; baseline -0.006 -17"><span class='ocrx_word' id='word_1_9' title='bbox 257 593 395 647; x_wconf 84' lang='lat' dir='ltr'><strong>Petrus.</strong></span> <span class='ocrx_word' id='word_1_10' title='bbox 434 590 491 645; x_wconf 81' lang='lat' dir='ltr'><strong>n&#39;on</strong></span> <span class='ocrx_word' id='word_1_11' title='bbox 514 590 550 646; x_wconf 94' lang='lat' dir='ltr'><strong>ob</strong></span> <span class='ocrx_word' id='word_1_12' title='bbox 573 590 782 664; x_wconf 75' lang='lat' dir='ltr'><strong>blasphemiam?</strong></span> 
     </span>
    </p>

    <p class='ocr_par' dir='ltr' id='par_1_4' title="bbox 259 675 634 749">
     <span class='ocr_line' id='line_1_4' title="bbox 259 675 634 749; baseline -0.003 -19"><span class='ocrx_word' id='word_1_13' title='bbox 259 675 381 749; x_wconf 86' lang='lat' dir='ltr'><strong>lulius.</strong></span> <span class='ocrx_word' id='word_1_14' title='bbox 416 675 491 735; x_wconf 79' lang='lat' dir='ltr'><strong>Non.</strong></span> <span class='ocrx_word' id='word_1_15' title='bbox 518 676 634 748; x_wconf 84' lang='lat' dir='ltr'><strong>inquam.</strong></span> 
     </span>
    </p>

    <p class='ocr_par' dir='ltr' id='par_1_5' title="bbox 255 759 1393 817">
     <span class='ocr_line' id='line_1_5' title="bbox 255 759 1393 817; baseline 0 -2"><span class='ocrx_word' id='word_1_16' title='bbox 255 762 387 816; x_wconf 80' lang='lat' dir='ltr'><strong>Petrus.</strong></span> <span class='ocrx_word' id='word_1_17' title='bbox 423 759 480 815; x_wconf 80' lang='lat' dir='ltr'><strong>Non</strong></span> <span class='ocrx_word' id='word_1_18' title='bbox 504 760 539 814; x_wconf 91' lang='lat' dir='ltr'><strong>ob</strong></span> <span class='ocrx_word' id='word_1_19' title='bbox 562 760 728 815; x_wconf 78' lang='lat' dir='ltr'><strong>haecomnia</strong></span> <span class='ocrx_word' id='word_1_20' title='bbox 753 759 832 815; x_wconf 85' lang='lat' dir='ltr'><strong>simul</strong></span> <span class='ocrx_word' id='word_1_21' title='bbox 855 760 881 815; x_wconf 96' lang='lat' dir='ltr'><strong>in</strong></span> <span class='ocrx_word' id='word_1_22' title='bbox 904 776 984 815; x_wconf 88' lang='lat' dir='ltr'><strong>unam</strong></span> <span class='ocrx_word' id='word_1_23' title='bbox 1009 776 1062 816; x_wconf 87' lang='lat' dir='ltr'><strong>ceu</strong></span> <span class='ocrx_word' id='word_1_24' title='bbox 1088 759 1231 817; x_wconf 84' lang='lat' dir='ltr'><strong>lacunam</strong></span> <span class='ocrx_word' id='word_1_25' title='bbox 1256 761 1393 817; x_wconf 76' lang='lat' dir='ltr'><strong>conflata?</strong></span> 
     </span>
    </p>

    <p class='ocr_par' dir='ltr' id='par_1_6' title="bbox 196 844 1496 1004">
     <span class='ocr_line' id='line_1_6' title="bbox 259 844 1496 921; baseline 0.004 -21"><span class='ocrx_word' id='word_1_26' title='bbox 259 845 381 900; x_wconf 86' lang='lat' dir='ltr'><strong>lnlins.</strong></span> <span class='ocrx_word' id='word_1_27' title='bbox 419 844 506 906; x_wconf 78' lang='lat' dir='ltr'><strong>adde,</strong></span> <span class='ocrx_word' id='word_1_28' title='bbox 530 845 550 899; x_wconf 94' lang='lat' dir='ltr'><strong>si</strong></span> <span class='ocrx_word' id='word_1_29' title='bbox 575 845 654 906; x_wconf 83' lang='lat' dir='ltr'><strong>tibet.</strong></span> <span class='ocrx_word' id='word_1_30' title='bbox 678 854 803 901; x_wconf 79' lang='lat' dir='ltr'><strong>sexcenta</strong></span> <span class='ocrx_word' id='word_1_31' title='bbox 826 844 990 918; x_wconf 82' lang='lat' dir='ltr'><strong>llagitiortlm</strong></span> <span class='ocrx_word' id='word_1_32' title='bbox 1014 845 1151 907; x_wconf 85' lang='lat' dir='ltr'><strong>nomina.</strong></span> <span class='ocrx_word' id='word_1_33' title='bbox 1182 847 1232 902; x_wconf 85' lang='lat' dir='ltr'><strong>his</strong></span> <span class='ocrx_word' id='word_1_34' title='bbox 1262 861 1375 921; x_wconf 85' lang='lat' dir='ltr'><strong>qnoque</strong></span> <span class='ocrx_word' id='word_1_35' title='bbox 1396 847 1496 905; x_wconf 73' lang='lat' dir='ltr'><strong>lelium!</strong></span> 
     </span>
     <span class='ocr_line' id='line_1_7' title="bbox 196 930 1208 1004; baseline 0.001 -18"><span class='ocrx_word' id='word_1_36' title='bbox 196 948 250 986; x_wconf 92' lang='lat' dir='ltr'><strong>non</strong></span> <span class='ocrx_word' id='word_1_37' title='bbox 273 938 365 1004; x_wconf 84' lang='lat' dir='ltr'><strong>potest</strong></span> <span class='ocrx_word' id='word_1_38' title='bbox 389 938 476 984; x_wconf 90' lang='lat' dir='ltr'><strong>tamen</strong></span> <span class='ocrx_word' id='word_1_39' title='bbox 503 930 636 985; x_wconf 81' lang='lat' dir='ltr'><strong>Romanus</strong></span> <span class='ocrx_word' id='word_1_40' title='bbox 657 931 779 1004; x_wconf 80' lang='lat' dir='ltr'><strong>pontifex</strong></span> <span class='ocrx_word' id='word_1_41' title='bbox 801 930 834 985; x_wconf 95' lang='lat' dir='ltr'><strong>ab</strong></span> <span class='ocrx_word' id='word_1_42' title='bbox 856 931 909 986; x_wconf 88' lang='lat' dir='ltr'><strong>isto</strong></span> <span class='ocrx_word' id='word_1_43' title='bbox 932 931 1103 986; x_wconf 85' lang='lat' dir='ltr'><strong>summoveri</strong></span> <span class='ocrx_word' id='word_1_44' title='bbox 1127 931 1208 987; x_wconf 85' lang='lat' dir='ltr'><strong>loco.</strong></span> 
     </span>
    </p>

    <p class='ocr_par' dir='ltr' id='par_1_7' title="bbox 127 1014 1510 1338">
     <span class='ocr_line' id='line_1_8' title="bbox 127 1014 1488 1091; baseline 0.002 -22"><span class='ocrx_word' id='word_1_45' title='bbox 127 1024 188 1077; x_wconf 66' lang='lat' dir='ltr'><strong>han,</strong></span> <span class='ocrx_word' id='word_1_46' title='bbox 261 1017 395 1070; x_wconf 88' lang='lat' dir='ltr'><strong>Petrus.</strong></span> <span class='ocrx_word' id='word_1_47' title='bbox 440 1015 537 1069; x_wconf 79' lang='lat' dir='ltr'><strong>Noram</strong></span> <span class='ocrx_word' id='word_1_48' title='bbox 567 1016 631 1070; x_wconf 91' lang='lat' dir='ltr'><strong>mihi</strong></span> <span class='ocrx_word' id='word_1_49' title='bbox 664 1016 774 1091; x_wconf 86' lang='lat' dir='ltr'><strong>llotnani</strong></span> <span class='ocrx_word' id='word_1_50' title='bbox 808 1014 941 1090; x_wconf 82' lang='lat' dir='ltr'><strong>pontilicis</strong></span> <span class='ocrx_word' id='word_1_51' title='bbox 976 1014 1150 1087; x_wconf 80' lang='lat' dir='ltr'><strong>dignitatem</strong></span> <span class='ocrx_word' id='word_1_52' title='bbox 1187 1018 1349 1091; x_wconf 64' lang='lat' dir='ltr'><strong>praalieas.</strong></span> <span class='ocrx_word' id='word_1_53' title='bbox 1386 1019 1488 1091; x_wconf 74' lang='lat' dir='ltr'><strong>siquiden</strong></span> 
     </span>
     <span class='ocr_line' id='line_1_9' title="bbox 198 1099 1488 1177; baseline 0.002 -22"><span class='ocrx_word' id='word_1_54' title='bbox 198 1100 261 1156; x_wconf 89' lang='lat' dir='ltr'><strong>hnic</strong></span> <span class='ocrx_word' id='word_1_55' title='bbox 282 1100 332 1154; x_wconf 88' lang='lat' dir='ltr'><strong>soli</strong></span> <span class='ocrx_word' id='word_1_56' title='bbox 356 1099 419 1155; x_wconf 87' lang='lat' dir='ltr'><strong>lieet</strong></span> <span class='ocrx_word' id='word_1_57' title='bbox 447 1099 556 1173; x_wconf 89' lang='lat' dir='ltr'><strong>impune</strong></span> <span class='ocrx_word' id='word_1_58' title='bbox 579 1101 725 1174; x_wconf 85' lang='lat' dir='ltr'><strong>pessimum</strong></span> <span class='ocrx_word' id='word_1_59' title='bbox 752 1118 820 1156; x_wconf 88' lang='lat' dir='ltr'><strong>esse.</strong></span> <span class='ocrx_word' id='word_1_60' title='bbox 865 1099 930 1173; x_wconf 85' lang='lat' dir='ltr'><strong>quin</strong></span> <span class='ocrx_word' id='word_1_61' title='bbox 957 1101 1045 1177; x_wconf 80' lang='lat' dir='ltr'><strong>magis</strong></span> <span class='ocrx_word' id='word_1_62' title='bbox 1073 1117 1182 1158; x_wconf 85' lang='lat' dir='ltr'><strong>nuvatn</strong></span> <span class='ocrx_word' id='word_1_63' title='bbox 1213 1101 1410 1159; x_wconf 76' lang='lat' dir='ltr'><strong>infelicitate·</strong></span> <span class='ocrx_word' id='word_1_64' title='bbox 1429 1102 1488 1158; x_wconf 71' lang='lat' dir='ltr'><strong>ercle</strong></span> 
     </span>
     <span class='ocr_line' id='line_1_10' title="bbox 197 1183 1489 1263; baseline 0.004 -23"><span class='ocrx_word' id='word_1_65' title='bbox 197 1186 259 1246; x_wconf 75' lang='lat' dir='ltr'><strong>siaa,</strong></span> <span class='ocrx_word' id='word_1_66' title='bbox 284 1185 305 1238; x_wconf 89' lang='lat' dir='ltr'><strong>si</strong></span> <span class='ocrx_word' id='word_1_67' title='bbox 331 1184 383 1240; x_wconf 87' lang='lat' dir='ltr'><strong>tale</strong></span> <span class='ocrx_word' id='word_1_68' title='bbox 407 1194 562 1258; x_wconf 73' lang='lat' dir='ltr'><strong>portentum</strong></span> <span class='ocrx_word' id='word_1_69' title='bbox 587 1184 658 1240; x_wconf 86' lang='lat' dir='ltr'><strong>nullo</strong></span> <span class='ocrx_word' id='word_1_70' title='bbox 681 1186 721 1240; x_wconf 86' lang='lat' dir='ltr'><strong>ria</strong></span> <span class='ocrx_word' id='word_1_71' title='bbox 744 1194 825 1260; x_wconf 82' lang='lat' dir='ltr'><strong>queat</strong></span> <span class='ocrx_word' id='word_1_72' title='bbox 846 1193 985 1246; x_wconf 76' lang='lat' dir='ltr'><strong>excutere.</strong></span> <span class='ocrx_word' id='word_1_73' title='bbox 1009 1183 1156 1260; x_wconf 87' lang='lat' dir='ltr'><strong>talemque</strong></span> <span class='ocrx_word' id='word_1_74' title='bbox 1173 1197 1307 1262; x_wconf 80' lang='lat' dir='ltr'><strong>cogatur</strong></span> <span class='ocrx_word' id='word_1_75' title='bbox 1321 1190 1489 1263; x_wconf 73' lang='lat' dir='ltr'><strong>adorarepoe</strong></span> 
     </span>
     <span class='ocr_line' id='line_1_11' title="bbox 199 1269 1510 1338; baseline -0.001 -13"><span class='ocrx_word' id='word_1_76' title='bbox 199 1270 309 1331; x_wconf 73' lang='lat' dir='ltr'><strong>tihe&#39;em.</strong></span> <span class='ocrx_word' id='word_1_77' title='bbox 339 1269 488 1325; x_wconf 84' lang='lat' dir='ltr'><strong>cuiusmodi</strong></span> <span class='ocrx_word' id='word_1_78' title='bbox 513 1287 592 1326; x_wconf 91' lang='lat' dir='ltr'><strong>nemo</strong></span> <span class='ocrx_word' id='word_1_79' title='bbox 614 1269 743 1326; x_wconf 77' lang='lat' dir='ltr'><strong>toleraret</strong></span> <span class='ocrx_word' id='word_1_80' title='bbox 766 1269 949 1326; x_wconf 87' lang='lat' dir='ltr'><strong>stabularium.</strong></span> <span class='ocrx_word' id='word_1_81' title='bbox 1495 1294 1510 1338; x_wconf 62' lang='grc' dir='ltr'><strong>ι,</strong></span> 
     </span>
    </p>

    <p class='ocr_par' dir='ltr' id='par_1_8' title="bbox 127 1354 1390 1425">
     <span class='ocr_line' id='line_1_12' title="bbox 127 1354 1390 1425; baseline 0.001 -16"><span class='ocrx_word' id='word_1_82' title='bbox 127 1368 186 1418; x_wconf 76' lang='lat' dir='ltr'><strong>§.so</strong></span> <span class='ocrx_word' id='word_1_83' title='bbox 260 1354 382 1410; x_wconf 88' lang='lat' dir='ltr'><strong>lulius.</strong></span> <span class='ocrx_word' id='word_1_84' title='bbox 416 1354 528 1422; x_wconf 71' lang='lat' dir='ltr'><strong>Quidam</strong></span> <span class='ocrx_word' id='word_1_85' title='bbox 551 1355 586 1410; x_wconf 96' lang='lat' dir='ltr'><strong>ob</strong></span> <span class='ocrx_word' id='word_1_86' title='bbox 605 1373 687 1410; x_wconf 91' lang='lat' dir='ltr'><strong>unum</strong></span> <span class='ocrx_word' id='word_1_87' title='bbox 709 1357 847 1411; x_wconf 74' lang='lat' dir='ltr'><strong>dumtaxat</strong></span> <span class='ocrx_word' id='word_1_88' title='bbox 868 1355 984 1410; x_wconf 90' lang='lat' dir='ltr'><strong>amoveri</strong></span> <span class='ocrx_word' id='word_1_89' title='bbox 1005 1354 1111 1410; x_wconf 87' lang='lat' dir='ltr'><strong>dicunt.</strong></span> <span class='ocrx_word' id='word_1_90' title='bbox 1383 1404 1390 1425; x_wconf 79' lang='grc'><strong>,</strong></span> 
     </span>
    </p>

    <p class='ocr_par' dir='ltr' id='par_1_9' title="bbox 195 1440 1492 1600">
     <span class='ocr_line' id='line_1_13' title="bbox 259 1440 1492 1514; baseline 0.004 -19"><span class='ocrx_word' id='word_1_91' title='bbox 259 1441 396 1496; x_wconf 87' lang='lat' dir='ltr'><strong>Petrus.</strong></span> <span class='ocrx_word' id='word_1_92' title='bbox 430 1440 469 1496; x_wconf 84' lang='lat' dir='ltr'><strong>bb</strong></span> <span class='ocrx_word' id='word_1_93' title='bbox 492 1442 563 1514; x_wconf 86' lang='lat' dir='ltr'><strong>qnod</strong></span> <span class='ocrx_word' id='word_1_94' title='bbox 592 1441 706 1496; x_wconf 88' lang='lat' dir='ltr'><strong>obsecro</strong></span> <span class='ocrx_word' id='word_1_95' title='bbox 735 1442 917 1501; x_wconf 85' lang='lat' dir='ltr'><strong>benelaettnn.</strong></span> <span class='ocrx_word' id='word_1_96' title='bbox 954 1440 1182 1514; x_wconf 86' lang='lat' dir='ltr'><strong>quandoquidem</strong></span> <span class='ocrx_word' id='word_1_97' title='bbox 1215 1443 1258 1499; x_wconf 88' lang='lat' dir='ltr'><strong>oh</strong></span> <span class='ocrx_word' id='word_1_98' title='bbox 1289 1445 1432 1501; x_wconf 76' lang='lat' dir='ltr'><strong>malefacta</strong></span> <span class='ocrx_word' id='word_1_99' title='bbox 1456 1463 1492 1501; x_wconf 79' lang='lat' dir='ltr'><strong>nor</strong></span> 
     </span>
     <span class='ocr_line' id='line_1_14' title="bbox 195 1526 885 1600; baseline 0 -19"><span class='ocrx_word' id='word_1_100' title='bbox 195 1534 302 1598; x_wconf 83' lang='lat' dir='ltr'><strong>potest,</strong></span> <span class='ocrx_word' id='word_1_101' title='bbox 325 1526 347 1579; x_wconf 86' lang='lat' dir='ltr'><strong>si</strong></span> <span class='ocrx_word' id='word_1_102' title='bbox 369 1526 404 1580; x_wconf 94' lang='lat' dir='ltr'><strong>ob</strong></span> <span class='ocrx_word' id='word_1_103' title='bbox 428 1527 484 1581; x_wconf 74' lang='lat' dir='ltr'><strong>hare</strong></span> <span class='ocrx_word' id='word_1_104' title='bbox 508 1544 568 1599; x_wconf 77' lang='lat' dir='ltr'><strong>(puae</strong></span> <span class='ocrx_word' id='word_1_105' title='bbox 587 1526 677 1581; x_wconf 79' lang='lat' dir='ltr'><strong>dixisti</strong></span> <span class='ocrx_word' id='word_1_106' title='bbox 699 1544 752 1582; x_wconf 90' lang='lat' dir='ltr'><strong>non</strong></span> <span class='ocrx_word' id='word_1_107' title='bbox 775 1530 885 1600; x_wconf 76' lang='lat' dir='ltr'><strong>potest?</strong></span> 
     </span>
    </p>

    <p class='ocr_par' dir='ltr' id='par_1_10' title="bbox 194 1610 1510 2180">
     <span class='ocr_line' id='line_1_15' title="bbox 259 1610 1494 1683; baseline 0.006 -19"><span class='ocrx_word' id='word_1_108' title='bbox 259 1610 379 1665; x_wconf 86' lang='lat' dir='ltr'><strong>lulius.</strong></span> <span class='ocrx_word' id='word_1_109' title='bbox 418 1610 457 1665; x_wconf 90' lang='lat' dir='ltr'><strong>Ob</strong></span> <span class='ocrx_word' id='word_1_110' title='bbox 479 1611 582 1666; x_wconf 78' lang='lat' dir='ltr'><strong>crimen</strong></span> <span class='ocrx_word' id='word_1_111' title='bbox 605 1611 755 1667; x_wconf 78' lang='lat' dir='ltr'><strong>haereseos:</strong></span> <span class='ocrx_word' id='word_1_112' title='bbox 779 1620 806 1668; x_wconf 88' lang='lat' dir='ltr'><strong>et</strong></span> <span class='ocrx_word' id='word_1_113' title='bbox 830 1613 864 1666; x_wconf 90' lang='lat' dir='ltr'><strong>ita</strong></span> <span class='ocrx_word' id='word_1_114' title='bbox 887 1612 1006 1672; x_wconf 87' lang='lat' dir='ltr'><strong>demum,</strong></span> <span class='ocrx_word' id='word_1_115' title='bbox 1029 1610 1052 1664; x_wconf 88' lang='lat' dir='ltr'><strong>si</strong></span> <span class='ocrx_word' id='word_1_116' title='bbox 1072 1610 1189 1683; x_wconf 89' lang='lat' dir='ltr'><strong>puhliee</strong></span> <span class='ocrx_word' id='word_1_117' title='bbox 1215 1615 1260 1669; x_wconf 89' lang='lat' dir='ltr'><strong>sit</strong></span> <span class='ocrx_word' id='word_1_118' title='bbox 1281 1617 1436 1673; x_wconf 79' lang='lat' dir='ltr'><strong>convietus.</strong></span> <span class='ocrx_word' id='word_1_119' title='bbox 1466 1633 1494 1671; x_wconf 82' lang='lat' dir='ltr'><strong>n·</strong></span> 
     </span>
     <span class='ocr_line' id='line_1_16' title="bbox 195 1694 1505 1776; baseline 0.005 -26"><span class='ocrx_word' id='word_1_120' title='bbox 195 1714 254 1751; x_wconf 93' lang='lat' dir='ltr'><strong>rum</strong></span> <span class='ocrx_word' id='word_1_121' title='bbox 279 1696 304 1751; x_wconf 92' lang='lat' dir='ltr'><strong>id</strong></span> <span class='ocrx_word' id='word_1_122' title='bbox 324 1713 433 1769; x_wconf 71' lang='lat' dir='ltr'><strong>querque</strong></span> <span class='ocrx_word' id='word_1_123' title='bbox 458 1695 583 1750; x_wconf 79' lang='lat' dir='ltr'><strong>lrirolmn</strong></span> <span class='ocrx_word' id='word_1_124' title='bbox 600 1706 656 1758; x_wconf 88' lang='lat' dir='ltr'><strong>est,</strong></span> <span class='ocrx_word' id='word_1_125' title='bbox 677 1714 763 1769; x_wconf 85' lang='lat' dir='ltr'><strong>neque</strong></span> <span class='ocrx_word' id='word_1_126' title='bbox 785 1696 826 1752; x_wconf 88' lang='lat' dir='ltr'><strong>vel</strong></span> <span class='ocrx_word' id='word_1_127' title='bbox 844 1695 977 1752; x_wconf 89' lang='lat' dir='ltr'><strong>tantillum</strong></span> <span class='ocrx_word' id='word_1_128' title='bbox 994 1694 1079 1750; x_wconf 89' lang='lat' dir='ltr'><strong>ollicit</strong></span> <span class='ocrx_word' id='word_1_129' title='bbox 1095 1697 1260 1770; x_wconf 76' lang='lat' dir='ltr'><strong>pontificiae</strong></span> <span class='ocrx_word' id='word_1_130' title='bbox 1279 1701 1434 1757; x_wconf 80' lang='lat' dir='ltr'><strong>maiestati:</strong></span> <span class='ocrx_word' id='word_1_131' title='bbox 1454 1704 1505 1776; x_wconf 67' lang='lat' dir='ltr'><strong>pret</strong></span> 
     </span>
     <span class='ocr_line' id='line_1_17' title="bbox 195 1780 1498 1860; baseline 0.002 -24"><span class='ocrx_word' id='word_1_132' title='bbox 195 1799 266 1836; x_wconf 89' lang='lat' dir='ltr'><strong>mum</strong></span> <span class='ocrx_word' id='word_1_133' title='bbox 285 1780 321 1835; x_wconf 92' lang='lat' dir='ltr'><strong>illi</strong></span> <span class='ocrx_word' id='word_1_134' title='bbox 340 1781 365 1835; x_wconf 93' lang='lat' dir='ltr'><strong>in</strong></span> <span class='ocrx_word' id='word_1_135' title='bbox 385 1798 464 1836; x_wconf 87' lang='lat' dir='ltr'><strong>manu</strong></span> <span class='ocrx_word' id='word_1_136' title='bbox 480 1788 522 1835; x_wconf 86' lang='lat' dir='ltr'><strong>est</strong></span> <span class='ocrx_word' id='word_1_137' title='bbox 542 1780 630 1853; x_wconf 72' lang='lat' dir='ltr'><strong>legem</strong></span> <span class='ocrx_word' id='word_1_138' title='bbox 654 1782 738 1855; x_wconf 84' lang='lat' dir='ltr'><strong>ipsam</strong></span> <span class='ocrx_word' id='word_1_139' title='bbox 759 1781 905 1854; x_wconf 80' lang='lat' dir='ltr'><strong>abrogare,</strong></span> <span class='ocrx_word' id='word_1_140' title='bbox 926 1781 947 1835; x_wconf 91' lang='lat' dir='ltr'><strong>si</strong></span> <span class='ocrx_word' id='word_1_141' title='bbox 968 1781 1056 1835; x_wconf 89' lang='lat' dir='ltr'><strong>miuus</strong></span> <span class='ocrx_word' id='word_1_142' title='bbox 1079 1780 1205 1855; x_wconf 81' lang='lat' dir='ltr'><strong>placeot;</strong></span> <span class='ocrx_word' id='word_1_143' title='bbox 1233 1785 1345 1842; x_wconf 84' lang='lat' dir='ltr'><strong>deinde</strong></span> <span class='ocrx_word' id='word_1_144' title='bbox 1368 1787 1498 1860; x_wconf 81' lang='lat' dir='ltr'><strong>quisausit</strong></span> 
     </span>
     <span class='ocr_line' id='line_1_18' title="bbox 194 1865 1495 1944; baseline 0.004 -23"><span class='ocrx_word' id='word_1_145' title='bbox 194 1884 328 1926; x_wconf 86' lang='lat' dir='ltr'><strong>srrmmutn</strong></span> <span class='ocrx_word' id='word_1_146' title='bbox 356 1865 510 1939; x_wconf 80' lang='lat' dir='ltr'><strong>pontificem</strong></span> <span class='ocrx_word' id='word_1_147' title='bbox 538 1865 563 1920; x_wconf 90' lang='lat' dir='ltr'><strong>in</strong></span> <span class='ocrx_word' id='word_1_148' title='bbox 591 1867 692 1921; x_wconf 82' lang='lat' dir='ltr'><strong>crimen</strong></span> <span class='ocrx_word' id='word_1_149' title='bbox 718 1884 828 1928; x_wconf 84' lang='lat' dir='ltr'><strong>vocare.</strong></span> <span class='ocrx_word' id='word_1_150' title='bbox 860 1866 1009 1940; x_wconf 76' lang='lat' dir='ltr'><strong>praesertim</strong></span> <span class='ocrx_word' id='word_1_151' title='bbox 1041 1872 1082 1920; x_wconf 91' lang='lat' dir='ltr'><strong>tot</strong></span> <span class='ocrx_word' id='word_1_152' title='bbox 1109 1876 1258 1925; x_wconf 85' lang='lat' dir='ltr'><strong>armatum</strong></span> <span class='ocrx_word' id='word_1_153' title='bbox 1286 1873 1446 1944; x_wconf 79' lang='lat' dir='ltr'><strong>praesidiis?</strong></span> <span class='ocrx_word' id='word_1_154' title='bbox 1473 1871 1495 1926; x_wconf 78' lang='lat' dir='ltr'><strong>al</strong></span> 
     </span>
     <span class='ocr_line' id='line_1_19' title="bbox 195 1949 1497 2026; baseline 0.006 -20"><span class='ocrx_word' id='word_1_155' title='bbox 195 1952 252 2008; x_wconf 83' lang='lat' dir='ltr'><strong>haee</strong></span> <span class='ocrx_word' id='word_1_156' title='bbox 282 1952 304 2005; x_wconf 88' lang='lat' dir='ltr'><strong>si</strong></span> <span class='ocrx_word' id='word_1_157' title='bbox 332 1952 402 2006; x_wconf 87' lang='lat' dir='ltr'><strong>lorte</strong></span> <span class='ocrx_word' id='word_1_158' title='bbox 432 1959 571 2025; x_wconf 85' lang='lat' dir='ltr'><strong>prematur</strong></span> <span class='ocrx_word' id='word_1_159' title='bbox 597 1950 729 2014; x_wconf 84' lang='lat' dir='ltr'><strong>coneilio,</strong></span> <span class='ocrx_word' id='word_1_160' title='bbox 763 1952 849 2007; x_wconf 86' lang='lat' dir='ltr'><strong>lacilis</strong></span> <span class='ocrx_word' id='word_1_161' title='bbox 871 1961 913 2007; x_wconf 87' lang='lat' dir='ltr'><strong>est</strong></span> <span class='ocrx_word' id='word_1_162' title='bbox 939 1949 1087 2026; x_wconf 82' lang='lat' dir='ltr'><strong>palinodia.</strong></span> <span class='ocrx_word' id='word_1_163' title='bbox 1122 1952 1146 2006; x_wconf 90' lang='lat' dir='ltr'><strong>si</strong></span> <span class='ocrx_word' id='word_1_164' title='bbox 1172 1952 1301 2011; x_wconf 85' lang='lat' dir='ltr'><strong>inliciari</strong></span> <span class='ocrx_word' id='word_1_165' title='bbox 1332 1975 1390 2013; x_wconf 92' lang='lat' dir='ltr'><strong>non</strong></span> <span class='ocrx_word' id='word_1_166' title='bbox 1410 1956 1497 2019; x_wconf 76' lang='lat' dir='ltr'><strong>licem:</strong></span> 
     </span>
     <span class='ocr_line' id='line_1_20' title="bbox 197 2035 1497 2117; baseline 0.009 -30"><span class='ocrx_word' id='word_1_167' title='bbox 197 2047 336 2110; x_wconf 87' lang='lat' dir='ltr'><strong>postremo</strong></span> <span class='ocrx_word' id='word_1_168' title='bbox 360 2035 432 2091; x_wconf 89' lang='lat' dir='ltr'><strong>mille</strong></span> <span class='ocrx_word' id='word_1_169' title='bbox 453 2045 516 2092; x_wconf 91' lang='lat' dir='ltr'><strong>suut</strong></span> <span class='ocrx_word' id='word_1_170' title='bbox 539 2036 673 2098; x_wconf 85' lang='lat' dir='ltr'><strong>euuieuli,</strong></span> <span class='ocrx_word' id='word_1_171' title='bbox 704 2036 802 2111; x_wconf 92' lang='lat' dir='ltr'><strong>quibus</strong></span> <span class='ocrx_word' id='word_1_172' title='bbox 825 2036 902 2093; x_wconf 88' lang='lat' dir='ltr'><strong>lacile</strong></span> <span class='ocrx_word' id='word_1_173' title='bbox 923 2038 1010 2111; x_wconf 79' lang='lat' dir='ltr'><strong>possit</strong></span> <span class='ocrx_word' id='word_1_174' title='bbox 1032 2035 1117 2097; x_wconf 86' lang='lat' dir='ltr'><strong>elabi,</strong></span> <span class='ocrx_word' id='word_1_175' title='bbox 1141 2038 1173 2092; x_wconf 93' lang='lat' dir='ltr'><strong>ui</strong></span> <span class='ocrx_word' id='word_1_176' title='bbox 1198 2056 1333 2112; x_wconf 88' lang='lat' dir='ltr'><strong>prorsus</strong></span> <span class='ocrx_word' id='word_1_177' title='bbox 1361 2043 1448 2117; x_wconf 82' lang='lat' dir='ltr'><strong>stipes</strong></span> <span class='ocrx_word' id='word_1_178' title='bbox 1465 2043 1497 2103; x_wconf 76' lang='lat' dir='ltr'><strong>sit</strong></span> 
     </span>
     <span class='ocr_line' id='line_1_21' title="bbox 195 2123 1510 2180; baseline 0.004 -5"><span class='ocrx_word' id='word_1_179' title='bbox 195 2138 247 2175; x_wconf 94' lang='lat' dir='ltr'><strong>non</strong></span> <span class='ocrx_word' id='word_1_180' title='bbox 274 2123 363 2177; x_wconf 84' lang='lat' dir='ltr'><strong>hoino.</strong></span> <span class='ocrx_word' id='word_1_181' title='bbox 1502 2169 1510 2180; x_wconf 87' lang='lat'><strong>.</strong></span> 
     </span>
    </p>

    <p class='ocr_par' dir='ltr' id='par_1_11' title="bbox 126 2206 1498 2284">
     <span class='ocr_line' id='line_1_22' title="bbox 126 2206 1498 2284; baseline 0.008 -28"><span class='ocrx_word' id='word_1_182' title='bbox 126 2215 185 2264; x_wconf 71' lang='lat' dir='ltr'><strong>esa,</strong></span> <span class='ocrx_word' id='word_1_183' title='bbox 259 2207 399 2261; x_wconf 84' lang='lat' dir='ltr'><strong>Petrus.</strong></span> <span class='ocrx_word' id='word_1_184' title='bbox 438 2206 488 2260; x_wconf 82' lang='lat' dir='ltr'><strong>Sed</strong></span> <span class='ocrx_word' id='word_1_185' title='bbox 518 2207 561 2261; x_wconf 87' lang='lat' dir='ltr'><strong>die</strong></span> <span class='ocrx_word' id='word_1_186' title='bbox 589 2207 653 2261; x_wconf 90' lang='lat' dir='ltr'><strong>mihi</strong></span> <span class='ocrx_word' id='word_1_187' title='bbox 677 2224 726 2281; x_wconf 90' lang='lat' dir='ltr'><strong>per</strong></span> <span class='ocrx_word' id='word_1_188' title='bbox 751 2207 916 2281; x_wconf 77' lang='lat' dir='ltr'><strong>pontificiam</strong></span> <span class='ocrx_word' id='word_1_189' title='bbox 938 2207 1112 2280; x_wconf 74' lang='lat' dir='ltr'><strong>dignitatem,</strong></span> <span class='ocrx_word' id='word_1_190' title='bbox 1146 2207 1213 2281; x_wconf 83' lang='lat' dir='ltr'><strong>quis</strong></span> <span class='ocrx_word' id='word_1_191' title='bbox 1246 2208 1335 2284; x_wconf 77' lang='lat' dir='ltr'><strong>leges</strong></span> <span class='ocrx_word' id='word_1_192' title='bbox 1365 2213 1434 2269; x_wconf 82' lang='lat' dir='ltr'><strong>istas</strong></span> <span class='ocrx_word' id='word_1_193' title='bbox 1459 2222 1498 2267; x_wconf 78' lang='lat' dir='ltr'><strong>tan</strong></span> 
     </span>
    </p>

    <p class='ocr_par' dir='ltr' id='par_1_12' title="bbox 195 2290 842 2364">
     <span class='ocr_line' id='line_1_23' title="bbox 195 2290 842 2364; baseline -0.003 -19"><span class='ocrx_word' id='word_1_194' title='bbox 195 2290 340 2364; x_wconf 77' lang='lat' dir='ltr'><strong>praeclaras</strong></span> <span class='ocrx_word' id='word_1_195' title='bbox 363 2291 501 2345; x_wconf 72' lang='lat' dir='ltr'><strong>condidit?</strong></span> <span class='ocrx_word' id='word_1_196' title='bbox 836 2339 842 2354; x_wconf 80' lang='grc'><em>,</em></span> 
     </span>
    </p>

    <p class='ocr_par' dir='ltr' id='par_1_13' title="bbox 195 2373 1499 2619">
     <span class='ocr_line' id='line_1_24' title="bbox 259 2373 1499 2456; baseline 0.006 -26"><span class='ocrx_word' id='word_1_197' title='bbox 259 2375 381 2431; x_wconf 79' lang='lat' dir='ltr'><strong>lulius,</strong></span> <span class='ocrx_word' id='word_1_198' title='bbox 419 2373 484 2442; x_wconf 78' lang='lat' dir='ltr'><strong>Quis</strong></span> <span class='ocrx_word' id='word_1_199' title='bbox 513 2374 582 2430; x_wconf 84' lang='lat' dir='ltr'><strong>alius</strong></span> <span class='ocrx_word' id='word_1_200' title='bbox 609 2377 661 2431; x_wconf 90' lang='lat' dir='ltr'><strong>nisi</strong></span> <span class='ocrx_word' id='word_1_201' title='bbox 692 2377 753 2432; x_wconf 91' lang='lat' dir='ltr'><strong>lons</strong></span> <span class='ocrx_word' id='word_1_202' title='bbox 782 2377 872 2450; x_wconf 80' lang='lat' dir='ltr'><strong>legum</strong></span> <span class='ocrx_word' id='word_1_203' title='bbox 904 2377 1038 2438; x_wconf 88' lang='lat' dir='ltr'><strong>omniurn,</strong></span> <span class='ocrx_word' id='word_1_204' title='bbox 1072 2376 1212 2432; x_wconf 85' lang='lat' dir='ltr'><strong>Romanus</strong></span> <span class='ocrx_word' id='word_1_205' title='bbox 1242 2382 1407 2452; x_wconf 77' lang='lat' dir='ltr'><strong>pontifex?</strong></span> <span class='ocrx_word' id='word_1_206' title='bbox 1439 2382 1499 2456; x_wconf 77' lang='lat' dir='ltr'><strong>atqu</strong></span> 
     </span>
     <span class='ocr_line' id='line_1_25' title="bbox 195 2460 1499 2542; baseline 0.007 -28"><span class='ocrx_word' id='word_1_207' title='bbox 195 2460 314 2515; x_wconf 90' lang='lat' dir='ltr'><strong>eiusdem</strong></span> <span class='ocrx_word' id='word_1_208' title='bbox 333 2470 374 2515; x_wconf 84' lang='lat' dir='ltr'><strong>est</strong></span> <span class='ocrx_word' id='word_1_209' title='bbox 395 2460 481 2533; x_wconf 82' lang='lat' dir='ltr'><strong>legem</strong></span> <span class='ocrx_word' id='word_1_210' title='bbox 498 2461 647 2533; x_wconf 81' lang='lat' dir='ltr'><strong>abrogare.</strong></span> <span class='ocrx_word' id='word_1_211' title='bbox 671 2461 860 2536; x_wconf 85' lang='lat' dir='ltr'><strong>interpretari.</strong></span> <span class='ocrx_word' id='word_1_212' title='bbox 876 2461 1004 2537; x_wconf 85' lang='lat' dir='ltr'><strong>dilatare.</strong></span> <span class='ocrx_word' id='word_1_213' title='bbox 1020 2463 1230 2534; x_wconf 80' lang='lat' dir='ltr'><strong>constringere,</strong></span> <span class='ocrx_word' id='word_1_214' title='bbox 1252 2475 1410 2542; x_wconf 88' lang='lat' dir='ltr'><strong>utcunque</strong></span> <span class='ocrx_word' id='word_1_215' title='bbox 1428 2470 1499 2525; x_wconf 77' lang='lat' dir='ltr'><strong>rison</strong></span> 
     </span>
     <span class='ocr_line' id='line_1_26' title="bbox 195 2546 640 2619; baseline -0.004 -19"><span class='ocrx_word' id='word_1_216' title='bbox 195 2554 236 2600; x_wconf 86' lang='lat' dir='ltr'><strong>est</strong></span> <span class='ocrx_word' id='word_1_217' title='bbox 258 2546 314 2600; x_wconf 84' lang='lat' dir='ltr'><strong>stris</strong></span> <span class='ocrx_word' id='word_1_218' title='bbox 335 2546 459 2619; x_wconf 78' lang='lat' dir='ltr'><strong>expedire</strong></span> <span class='ocrx_word' id='word_1_219' title='bbox 482 2547 640 2601; x_wconf 87' lang='lat' dir='ltr'><strong>cotmnodis.</strong></span> 
     </span>
    </p>

    <p class='ocr_par' dir='ltr' id='par_1_14' title="bbox 126 2630 1523 3053">
     <span class='ocr_line' id='line_1_27' title="bbox 126 2630 1499 2708; baseline 0.005 -24"><span class='ocrx_word' id='word_1_220' title='bbox 126 2641 184 2690; x_wconf 65' lang='lat' dir='ltr'><strong>§.aa</strong></span> <span class='ocrx_word' id='word_1_221' title='bbox 259 2631 394 2686; x_wconf 78' lang='lat' dir='ltr'><strong>l&#39;etrns.</strong></span> <span class='ocrx_word' id='word_1_222' title='bbox 430 2630 546 2687; x_wconf 84' lang='lat' dir='ltr'><strong>Felicem</strong></span> <span class='ocrx_word' id='word_1_223' title='bbox 570 2631 695 2705; x_wconf 77' lang='lat' dir='ltr'><strong>prolecto</strong></span> <span class='ocrx_word' id='word_1_224' title='bbox 717 2631 888 2704; x_wconf 83' lang='lat' dir='ltr'><strong>pontificem,</strong></span> <span class='ocrx_word' id='word_1_225' title='bbox 912 2632 935 2686; x_wconf 91' lang='lat' dir='ltr'><strong>si</strong></span> <span class='ocrx_word' id='word_1_226' title='bbox 957 2631 1044 2705; x_wconf 78' lang='lat' dir='ltr'><strong>legem</strong></span> <span class='ocrx_word' id='word_1_227' title='bbox 1067 2631 1266 2704; x_wconf 86' lang='lat' dir='ltr'><strong>lerrepossit,</strong></span> <span class='ocrx_word' id='word_1_228' title='bbox 1295 2654 1354 2708; x_wconf 89' lang='lat' dir='ltr'><strong>qua</strong></span> <span class='ocrx_word' id='word_1_229' title='bbox 1373 2638 1499 2694; x_wconf 81' lang='lat' dir='ltr'><strong>Christum</strong></span> 
     </span>
     <span class='ocr_line' id='line_1_28' title="bbox 195 2715 1501 2790; baseline 0.008 -22"><span class='ocrx_word' id='word_1_230' title='bbox 195 2715 274 2770; x_wconf 88' lang='lat' dir='ltr'><strong>etiam</strong></span> <span class='ocrx_word' id='word_1_231' title='bbox 297 2716 401 2775; x_wconf 87' lang='lat' dir='ltr'><strong>eludat.</strong></span> <span class='ocrx_word' id='word_1_232' title='bbox 425 2717 522 2771; x_wconf 85' lang='lat' dir='ltr'><strong>nedum</strong></span> <span class='ocrx_word' id='word_1_233' title='bbox 546 2715 706 2772; x_wconf 76' lang='lat' dir='ltr'><strong>ettneilitnn:</strong></span> <span class='ocrx_word' id='word_1_234' title='bbox 730 2735 881 2790; x_wconf 80' lang='lat' dir='ltr'><strong>quanquam</strong></span> <span class='ocrx_word' id='word_1_235' title='bbox 897 2718 1024 2772; x_wconf 86' lang='lat' dir='ltr'><strong>adversus</strong></span> <span class='ocrx_word' id='word_1_236' title='bbox 1040 2716 1196 2771; x_wconf 88' lang='lat' dir='ltr'><strong>huiusmodi</strong></span> <span class='ocrx_word' id='word_1_237' title='bbox 1214 2721 1401 2790; x_wconf 75' lang='lat' dir='ltr'><strong>pontificem.</strong></span> <span class='ocrx_word' id='word_1_238' title='bbox 1423 2726 1501 2781; x_wconf 68' lang='lat' dir='ltr'><strong>euius·</strong></span> 
     </span>
     <span class='ocr_line' id='line_1_29' title="bbox 194 2801 1501 2876; baseline 0.008 -22"><span class='ocrx_word' id='word_1_239' title='bbox 194 2801 265 2855; x_wconf 90' lang='lat' dir='ltr'><strong>modi</strong></span> <span class='ocrx_word' id='word_1_240' title='bbox 290 2811 318 2856; x_wconf 89' lang='lat' dir='ltr'><strong>tu</strong></span> <span class='ocrx_word' id='word_1_241' title='bbox 342 2802 422 2856; x_wconf 90' lang='lat' dir='ltr'><strong>modo</strong></span> <span class='ocrx_word' id='word_1_242' title='bbox 445 2802 626 2876; x_wconf 87' lang='lat' dir='ltr'><strong>descripsisti.</strong></span> <span class='ocrx_word' id='word_1_243' title='bbox 657 2801 745 2875; x_wconf 87' lang='lat' dir='ltr'><strong>palum</strong></span> <span class='ocrx_word' id='word_1_244' title='bbox 769 2801 949 2863; x_wconf 85' lang='lat' dir='ltr'><strong>scelerosum.</strong></span> <span class='ocrx_word' id='word_1_245' title='bbox 976 2801 1166 2860; x_wconf 87' lang='lat' dir='ltr'><strong>temulentum.</strong></span> <span class='ocrx_word' id='word_1_246' title='bbox 1199 2801 1396 2870; x_wconf 81' lang='lat' dir='ltr'><strong>homicidam.</strong></span> <span class='ocrx_word' id='word_1_247' title='bbox 1429 2811 1501 2864; x_wconf 75' lang='lat' dir='ltr'><strong>sime</strong></span> 
     </span>
     <span class='ocr_line' id='line_1_30' title="bbox 193 2885 1501 2966; baseline 0.005 -25"><span class='ocrx_word' id='word_1_248' title='bbox 193 2885 313 2948; x_wconf 83' lang='lat' dir='ltr'><strong>niueum.</strong></span> <span class='ocrx_word' id='word_1_249' title='bbox 339 2887 499 2948; x_wconf 85' lang='lat' dir='ltr'><strong>venelieum,</strong></span> <span class='ocrx_word' id='word_1_250' title='bbox 523 2887 676 2960; x_wconf 89' lang='lat' dir='ltr'><strong>periurum,</strong></span> <span class='ocrx_word' id='word_1_251' title='bbox 700 2904 836 2960; x_wconf 83' lang='lat' dir='ltr'><strong>rapacem,</strong></span> <span class='ocrx_word' id='word_1_252' title='bbox 857 2887 1025 2960; x_wconf 86' lang='lat' dir='ltr'><strong>portentosis</strong></span> <span class='ocrx_word' id='word_1_253' title='bbox 1048 2885 1187 2940; x_wconf 83' lang='lat' dir='ltr'><strong>libidinum</strong></span> <span class='ocrx_word' id='word_1_254' title='bbox 1204 2891 1372 2959; x_wconf 78' lang='lat' dir='ltr'><strong>generibus</strong></span> <span class='ocrx_word' id='word_1_255' title='bbox 1390 2896 1501 2966; x_wconf 81' lang='lat' dir='ltr'><strong>trudique</strong></span> 
     </span>
     <span class='ocr_line' id='line_1_31' title="bbox 193 2970 1523 3053; baseline 0.003 -28"><span class='ocrx_word' id='word_1_256' title='bbox 193 2981 417 3044; x_wconf 78' lang='lat' dir='ltr'><strong>conspurcatum,</strong></span> <span class='ocrx_word' id='word_1_257' title='bbox 449 2972 528 3044; x_wconf 78' lang='lat' dir='ltr'><strong>idque</strong></span> <span class='ocrx_word' id='word_1_258' title='bbox 555 2971 707 3045; x_wconf 85' lang='lat' dir='ltr'><strong>propalam,</strong></span> <span class='ocrx_word' id='word_1_259' title='bbox 741 2989 794 3027; x_wconf 90' lang='lat' dir='ltr'><strong>non</strong></span> <span class='ocrx_word' id='word_1_260' title='bbox 819 2981 871 3026; x_wconf 87' lang='lat' dir='ltr'><strong>tam</strong></span> <span class='ocrx_word' id='word_1_261' title='bbox 895 2972 1039 3045; x_wconf 91' lang='lat' dir='ltr'><strong>optandum</strong></span> <span class='ocrx_word' id='word_1_262' title='bbox 1066 2970 1192 3043; x_wconf 76' lang='lat' dir='ltr'><strong>generale</strong></span> <span class='ocrx_word' id='word_1_263' title='bbox 1216 2973 1396 3040; x_wconf 81' lang='lat' dir='ltr'><strong>concilium,</strong></span> <span class='ocrx_word' id='word_1_264' title='bbox 1428 2997 1523 3053; x_wconf 73' lang='lat' dir='ltr'><strong>quana</strong></span> 
     </span>
    </p>

    <p class='ocr_par' dir='ltr' id='par_1_15' title="bbox 129 3055 1500 3215">
     <span class='ocr_line' id='line_1_32' title="bbox 129 3055 1500 3137; baseline 0.009 -28"><span class='ocrx_word' id='word_1_265' title='bbox 129 3064 223 3116; x_wconf 69' lang='lat' dir='ltr'><strong>§.titul</strong></span> <span class='ocrx_word' id='word_1_266' title='bbox 247 3057 324 3129; x_wconf 82' lang='lat' dir='ltr'><strong>plebs</strong></span> <span class='ocrx_word' id='word_1_267' title='bbox 347 3067 447 3112; x_wconf 86' lang='lat' dir='ltr'><strong>armata</strong></span> <span class='ocrx_word' id='word_1_268' title='bbox 470 3058 540 3111; x_wconf 78' lang='lat' dir='ltr'><strong>sanis</strong></span> <span class='ocrx_word' id='word_1_269' title='bbox 564 3066 592 3111; x_wconf 90' lang='lat' dir='ltr'><strong>nt</strong></span> <span class='ocrx_word' id='word_1_270' title='bbox 616 3057 749 3130; x_wconf 80' lang='lat' dir='ltr'><strong>publicam</strong></span> <span class='ocrx_word' id='word_1_271' title='bbox 774 3057 848 3113; x_wconf 86' lang='lat' dir='ltr'><strong>orbis</strong></span> <span class='ocrx_word' id='word_1_272' title='bbox 877 3066 980 3131; x_wconf 86' lang='lat' dir='ltr'><strong>pestem</strong></span> <span class='ocrx_word' id='word_1_273' title='bbox 1009 3074 1024 3111; x_wconf 91' lang='lat' dir='ltr'><strong>e</strong></span> <span class='ocrx_word' id='word_1_274' title='bbox 1052 3056 1139 3111; x_wconf 92' lang='lat' dir='ltr'><strong>medio</strong></span> <span class='ocrx_word' id='word_1_275' title='bbox 1168 3055 1260 3112; x_wconf 85' lang='lat' dir='ltr'><strong>tollat.</strong></span> <span class='ocrx_word' id='word_1_276' title='bbox 1315 3060 1423 3120; x_wconf 83' lang='lat' dir='ltr'><strong>l&#39;erum</strong></span> <span class='ocrx_word' id='word_1_277' title='bbox 1449 3082 1500 3137; x_wconf 76' lang='lat' dir='ltr'><strong>age.</strong></span> 
     </span>
     <span class='ocr_line' id='line_1_33' title="bbox 193 3138 1343 3215; baseline 0.004 -20"><span class='ocrx_word' id='word_1_278' title='bbox 193 3142 236 3196; x_wconf 91' lang='lat' dir='ltr'><strong>die</strong></span> <span class='ocrx_word' id='word_1_279' title='bbox 258 3143 323 3197; x_wconf 88' lang='lat' dir='ltr'><strong>mibi</strong></span> <span class='ocrx_word' id='word_1_280' title='bbox 345 3160 394 3197; x_wconf 89' lang='lat' dir='ltr'><strong>eur</strong></span> <span class='ocrx_word' id='word_1_281' title='bbox 415 3143 550 3197; x_wconf 85' lang='lat' dir='ltr'><strong>llomanns</strong></span> <span class='ocrx_word' id='word_1_282' title='bbox 574 3142 695 3215; x_wconf 78' lang='lat' dir='ltr'><strong>pontiler</strong></span> <span class='ocrx_word' id='word_1_283' title='bbox 719 3149 860 3215; x_wconf 85' lang='lat' dir='ltr'><strong>tatrtopere</strong></span> <span class='ocrx_word' id='word_1_284' title='bbox 884 3143 993 3196; x_wconf 85' lang='lat' dir='ltr'><strong>horreat</strong></span> <span class='ocrx_word' id='word_1_285' title='bbox 1014 3138 1140 3213; x_wconf 74' lang='lat' dir='ltr'><strong>generale</strong></span> <span class='ocrx_word' id='word_1_286' title='bbox 1162 3142 1343 3200; x_wconf 72' lang='lat' dir='ltr'><strong>concilium?</strong></span> 
     </span>
    </p>

    <p class='ocr_par' dir='ltr' id='par_1_16' title="bbox 257 3226 1501 3299">
     <span class='ocr_line' id='line_1_34' title="bbox 257 3226 1501 3299; baseline 0.006 -18"><span class='ocrx_word' id='word_1_287' title='bbox 257 3226 377 3281; x_wconf 84' lang='lat' dir='ltr'><strong>lulius.</strong></span> <span class='ocrx_word' id='word_1_288' title='bbox 416 3227 484 3294; x_wconf 80' lang='lat' dir='ltr'><strong>Quin</strong></span> <span class='ocrx_word' id='word_1_289' title='bbox 507 3228 576 3282; x_wconf 89' lang='lat' dir='ltr'><strong>idem</strong></span> <span class='ocrx_word' id='word_1_290' title='bbox 599 3245 612 3280; x_wconf 90' lang='lat' dir='ltr'><strong>a</strong></span> <span class='ocrx_word' id='word_1_291' title='bbox 641 3227 794 3281; x_wconf 77' lang='lat' dir='ltr'><strong>monarchis</strong></span> <span class='ocrx_word' id='word_1_292' title='bbox 817 3228 932 3299; x_wconf 80' lang='lat' dir='ltr'><strong>qnmris,</strong></span> <span class='ocrx_word' id='word_1_293' title='bbox 958 3244 1008 3283; x_wconf 86' lang='lat' dir='ltr'><strong>cur</strong></span> <span class='ocrx_word' id='word_1_294' title='bbox 1030 3232 1152 3281; x_wconf 85' lang='lat' dir='ltr'><strong>senatum</strong></span> <span class='ocrx_word' id='word_1_295' title='bbox 1180 3234 1209 3280; x_wconf 86' lang='lat' dir='ltr'><strong>et</strong></span> <span class='ocrx_word' id='word_1_296' title='bbox 1232 3228 1371 3287; x_wconf 86' lang='lat' dir='ltr'><strong>celebres</strong></span> <span class='ocrx_word' id='word_1_297' title='bbox 1394 3252 1501 3290; x_wconf 83' lang='lat' dir='ltr'><strong>conses-</strong></span> 
     </span>
    </p>

    <p class='ocr_par' dir='ltr' id='par_1_17' title="bbox 193 3311 1525 3470">
     <span class='ocr_line' id='line_1_35' title="bbox 193 3311 1501 3386; baseline 0.005 -20"><span class='ocrx_word' id='word_1_298' title='bbox 193 3329 241 3366; x_wconf 88' lang='lat' dir='ltr'><strong>sus</strong></span> <span class='ocrx_word' id='word_1_299' title='bbox 262 3312 386 3366; x_wconf 73' lang='lat' dir='ltr'><strong>oderint?</strong></span> <span class='ocrx_word' id='word_1_300' title='bbox 416 3330 512 3386; x_wconf 89' lang='lat' dir='ltr'><strong>nempe</strong></span> <span class='ocrx_word' id='word_1_301' title='bbox 541 3312 613 3385; x_wconf 83' lang='lat' dir='ltr'><strong>qnod</strong></span> <span class='ocrx_word' id='word_1_302' title='bbox 644 3311 721 3366; x_wconf 88' lang='lat' dir='ltr'><strong>turba</strong></span> <span class='ocrx_word' id='word_1_303' title='bbox 751 3320 791 3366; x_wconf 89' lang='lat' dir='ltr'><strong>tot</strong></span> <span class='ocrx_word' id='word_1_304' title='bbox 819 3311 1005 3367; x_wconf 79' lang='lat' dir='ltr'><strong>excellentium</strong></span> <span class='ocrx_word' id='word_1_305' title='bbox 1028 3311 1146 3365; x_wconf 82' lang='lat' dir='ltr'><strong>virorum</strong></span> <span class='ocrx_word' id='word_1_306' title='bbox 1175 3313 1308 3368; x_wconf 90' lang='lat' dir='ltr'><strong>nonnihil</strong></span> <span class='ocrx_word' id='word_1_307' title='bbox 1336 3318 1501 3375; x_wconf 82' lang='lat' dir='ltr'><strong>obscuretur</strong></span> 
     </span>
     <span class='ocr_line' id='line_1_36' title="bbox 194 3395 1525 3470; baseline -0.002 -20"><span class='ocrx_word' id='word_1_308' title='bbox 194 3398 267 3469; x_wconf 71' lang='lat' dir='ltr'><strong>regia</strong></span> <span class='ocrx_word' id='word_1_309' title='bbox 291 3397 426 3470; x_wconf 81' lang='lat' dir='ltr'><strong>dignitas:</strong></span> <span class='ocrx_word' id='word_1_310' title='bbox 451 3398 495 3470; x_wconf 82' lang='lat' dir='ltr'><strong>qni</strong></span> <span class='ocrx_word' id='word_1_311' title='bbox 518 3397 589 3452; x_wconf 64' lang='lat' dir='ltr'><strong>(lereti</strong></span> <span class='ocrx_word' id='word_1_312' title='bbox 614 3405 691 3457; x_wconf 81' lang='lat' dir='ltr'><strong>sunt,</strong></span> <span class='ocrx_word' id='word_1_313' title='bbox 717 3396 749 3450; x_wconf 88' lang='lat' dir='ltr'><strong>iis</strong></span> <span class='ocrx_word' id='word_1_314' title='bbox 772 3396 857 3451; x_wconf 81' lang='lat' dir='ltr'><strong>literae</strong></span> <span class='ocrx_word' id='word_1_315' title='bbox 878 3396 996 3452; x_wconf 82' lang='lat' dir='ltr'><strong>fidutiam</strong></span> <span class='ocrx_word' id='word_1_316' title='bbox 1019 3395 1150 3457; x_wconf 81' lang='lat' dir='ltr'><strong>reddunt:</strong></span> <span class='ocrx_word' id='word_1_317' title='bbox 1181 3396 1228 3469; x_wconf 91' lang='lat' dir='ltr'><strong>qni</strong></span> <span class='ocrx_word' id='word_1_318' title='bbox 1253 3397 1332 3460; x_wconf 85' lang='lat' dir='ltr'><strong>bona</strong></span> <span class='ocrx_word' id='word_1_319' title='bbox 1360 3406 1525 3461; x_wconf 71' lang='lat' dir='ltr'><strong>consciens</strong></span> 
     </span>
    </p>

    <p class='ocr_par' dir='ltr' id='par_1_18' title="bbox 124 3481 1500 3729">
     <span class='ocr_line' id='line_1_37' title="bbox 194 3481 1500 3557; baseline 0.008 -21"><span class='ocrx_word' id='word_1_320' title='bbox 194 3483 231 3536; x_wconf 86' lang='lat' dir='ltr'><strong>tia</strong></span> <span class='ocrx_word' id='word_1_321' title='bbox 259 3483 337 3541; x_wconf 80' lang='lat' dir='ltr'><strong>[reti.</strong></span> <span class='ocrx_word' id='word_1_322' title='bbox 367 3482 479 3538; x_wconf 85' lang='lat' dir='ltr'><strong>liberius</strong></span> <span class='ocrx_word' id='word_1_323' title='bbox 503 3483 655 3555; x_wconf 78' lang='lat' dir='ltr'><strong>loquuntur</strong></span> <span class='ocrx_word' id='word_1_324' title='bbox 677 3499 756 3553; x_wconf 74' lang='lat' dir='ltr'><strong>eptam</strong></span> <span class='ocrx_word' id='word_1_325' title='bbox 785 3481 862 3536; x_wconf 90' lang='lat' dir='ltr'><strong>nohis</strong></span> <span class='ocrx_word' id='word_1_326' title='bbox 886 3482 1020 3555; x_wconf 77' lang='lat' dir='ltr'><strong>expediat:</strong></span> <span class='ocrx_word' id='word_1_327' title='bbox 1053 3481 1098 3554; x_wconf 89' lang='lat' dir='ltr'><strong>qui</strong></span> <span class='ocrx_word' id='word_1_328' title='bbox 1126 3481 1262 3553; x_wconf 77' lang='lat' dir='ltr'><strong>dignitate</strong></span> <span class='ocrx_word' id='word_1_329' title='bbox 1292 3488 1430 3557; x_wconf 79' lang='lat' dir='ltr'><strong>praediti,</strong></span> <span class='ocrx_word' id='word_1_330' title='bbox 1458 3506 1500 3545; x_wconf 82' lang='lat' dir='ltr'><strong>au·</strong></span> 
     </span>
     <span class='ocr_line' id='line_1_38' title="bbox 124 3563 1500 3638; baseline 0.005 -16"><span class='ocrx_word' id='word_1_331' title='bbox 124 3567 324 3622; x_wconf 85' lang='lat' dir='ltr'><strong>l.oo.tlroritate</strong></span> <span class='ocrx_word' id='word_1_332' title='bbox 358 3576 473 3623; x_wconf 89' lang='lat' dir='ltr'><strong>utuntur</strong></span> <span class='ocrx_word' id='word_1_333' title='bbox 506 3586 562 3622; x_wconf 85' lang='lat' dir='ltr'><strong>stra.</strong></span> <span class='ocrx_word' id='word_1_334' title='bbox 603 3567 732 3621; x_wconf 80' lang='lat' dir='ltr'><strong>accedunt</strong></span> <span class='ocrx_word' id='word_1_335' title='bbox 765 3576 791 3622; x_wconf 86' lang='lat' dir='ltr'><strong>et</strong></span> <span class='ocrx_word' id='word_1_336' title='bbox 821 3567 892 3621; x_wconf 91' lang='lat' dir='ltr'><strong>inter</strong></span> <span class='ocrx_word' id='word_1_337' title='bbox 914 3567 964 3621; x_wconf 91' lang='lat' dir='ltr'><strong>hos</strong></span> <span class='ocrx_word' id='word_1_338' title='bbox 992 3563 1129 3627; x_wconf 86' lang='lat' dir='ltr'><strong>nonnulli.</strong></span> <span class='ocrx_word' id='word_1_339' title='bbox 1162 3565 1208 3638; x_wconf 90' lang='lat' dir='ltr'><strong>qui</strong></span> <span class='ocrx_word' id='word_1_340' title='bbox 1237 3578 1353 3626; x_wconf 82' lang='lat' dir='ltr'><strong>nostrae</strong></span> <span class='ocrx_word' id='word_1_341' title='bbox 1381 3573 1500 3630; x_wconf 80' lang='lat' dir='ltr'><strong>inrident</strong></span> 
     </span>
     <span class='ocr_line' id='line_1_39' title="bbox 192 3641 1500 3729; baseline 0.006 -24"><span class='ocrx_word' id='word_1_342' title='bbox 192 3652 301 3725; x_wconf 75' lang='lat' dir='ltr'><strong>gloriae,</strong></span> <span class='ocrx_word' id='word_1_343' title='bbox 326 3662 353 3708; x_wconf 90' lang='lat' dir='ltr'><strong>et</strong></span> <span class='ocrx_word' id='word_1_344' title='bbox 375 3654 445 3709; x_wconf 88' lang='lat' dir='ltr'><strong>hunc</strong></span> <span class='ocrx_word' id='word_1_345' title='bbox 468 3653 587 3721; x_wconf 86' lang='lat' dir='ltr'><strong>animum</strong></span> <span class='ocrx_word' id='word_1_346' title='bbox 608 3669 698 3706; x_wconf 87' lang='lat' dir='ltr'><strong>seeum</strong></span> <span class='ocrx_word' id='word_1_347' title='bbox 722 3641 861 3712; x_wconf 60' lang='lat' dir='ltr'><strong>alternus</strong></span> <span class='ocrx_word' id='word_1_348' title='bbox 884 3660 914 3706; x_wconf 93' lang='lat' dir='ltr'><strong>ut</strong></span> <span class='ocrx_word' id='word_1_349' title='bbox 935 3651 1056 3706; x_wconf 89' lang='lat' dir='ltr'><strong>minuant</strong></span> <span class='ocrx_word' id='word_1_350' title='bbox 1077 3648 1214 3724; x_wconf 84' lang='lat' dir='ltr'><strong>pontilicis</strong></span> <span class='ocrx_word' id='word_1_351' title='bbox 1240 3661 1271 3706; x_wconf 87' lang='lat' dir='ltr'><strong>et</strong></span> <span class='ocrx_word' id='word_1_352' title='bbox 1302 3671 1380 3729; x_wconf 87' lang='lat' dir='ltr'><strong>opes</strong></span> <span class='ocrx_word' id='word_1_353' title='bbox 1406 3668 1435 3714; x_wconf 86' lang='lat' dir='ltr'><strong>et</strong></span> <span class='ocrx_word' id='word_1_354' title='bbox 1457 3677 1500 3715; x_wconf 84' lang='lat' dir='ltr'><strong>arr·</strong></span> 
     </span>
    </p>
   </div>
   <div class='ocr_carea' id='block_1_3' title="bbox 188 3917 1497 4739">
    <p class='ocr_par' dir='ltr' id='par_1_19' title="bbox 188 3917 1497 4739">
     <span class='ocr_line' id='line_1_40' title="bbox 259 3917 1497 3980; baseline 0.008 -12"><span class='ocrx_word' id='word_1_355' title='bbox 259 3920 415 3970; x_wconf 82' lang='lat' dir='ltr'><strong>⁴laennanr</strong></span> <span class='ocrx_word' id='word_1_356' title='bbox 439 3925 459 3968; x_wconf 87' lang='grc'><strong>1.</strong></span> <span class='ocrx_word' id='word_1_357' title='bbox 471 3925 508 3970; x_wconf 80' lang='lat' dir='ltr'><strong>td.</strong></span> <span class='ocrx_word' id='word_1_358' title='bbox 540 3920 643 3968; x_wconf 80' lang='lat' dir='ltr'><strong>lernam</strong></span> <span class='ocrx_word' id='word_1_359' title='bbox 664 3921 812 3970; x_wconf 78' lang='grc'><em>23.5,8.15.</em></span> <span class='ocrx_word' id='word_1_360' title='bbox 847 3919 960 3967; x_wconf 81' lang='lat' dir='ltr'><strong>lrernatn</strong></span> <span class='ocrx_word' id='word_1_361' title='bbox 981 3920 1021 3970; x_wconf 78' lang='lat' dir='ltr'><strong>ll.</strong></span> <span class='ocrx_word' id='word_1_362' title='bbox 1084 3917 1150 3966; x_wconf 82' lang='lat' dir='ltr'><strong>‘&#39;ob</strong></span> <span class='ocrx_word' id='word_1_363' title='bbox 1169 3918 1223 3966; x_wconf 77' lang='lat' dir='ltr'><strong>isle</strong></span> <span class='ocrx_word' id='word_1_364' title='bbox 1242 3921 1414 3975; x_wconf 85' lang='lat' dir='ltr'><strong>submoneri</strong></span> <span class='ocrx_word' id='word_1_365' title='bbox 1440 3931 1497 3980; x_wconf 64' lang='lat'><strong>23.</strong></span> 
     </span>
     <span class='ocr_line' id='line_1_41' title="bbox 191 4002 1497 4063; baseline 0.003 -9"><span class='ocrx_word' id='word_1_366' title='bbox 191 4009 330 4058; x_wconf 59' lang='lat' dir='ltr'><strong>harma.</strong></span> <span class='ocrx_word' id='word_1_367' title='bbox 367 4006 500 4053; x_wconf 68' lang='grc' dir='ltr'><strong>7Νοιιτιηι</strong></span> <span class='ocrx_word' id='word_1_368' title='bbox 520 4021 585 4053; x_wconf 87' lang='lat' dir='ltr'><strong>nero</strong></span> <span class='ocrx_word' id='word_1_369' title='bbox 605 4022 638 4056; x_wconf 90' lang='lat' dir='ltr'><strong>m.</strong></span> <span class='ocrx_word' id='word_1_370' title='bbox 660 4007 853 4054; x_wconf 58' lang='lat' dir='ltr'><strong>eameram.</strong></span> <span class='ocrx_word' id='word_1_371' title='bbox 894 4004 994 4063; x_wconf 68' lang='lat' dir='ltr'><strong>”Quin</strong></span> <span class='ocrx_word' id='word_1_372' title='bbox 1015 4005 1081 4053; x_wconf 72' lang='lat' dir='ltr'><strong>Md.</strong></span> <span class='ocrx_word' id='word_1_373' title='bbox 1105 4002 1324 4056; x_wconf 77' lang='lat' dir='ltr'><strong>T11m2.3.5.11.</strong></span> <span class='ocrx_word' id='word_1_374' title='bbox 1353 4016 1416 4059; x_wconf 83' lang='lat' dir='ltr'><strong>tum</strong></span> <span class='ocrx_word' id='word_1_375' title='bbox 1429 4014 1497 4063; x_wconf 60' lang='lat'><strong>815.</strong></span> 
     </span>
     <span class='ocr_line' id='line_1_42' title="bbox 193 4086 1497 4156; baseline -0.005 -18"><span class='ocrx_word' id='word_1_376' title='bbox 193 4088 214 4121; x_wconf 92' lang='lat'><strong>¹⁰</strong></span> <span class='ocrx_word' id='word_1_377' title='bbox 232 4090 331 4139; x_wconf 79' lang='lat' dir='ltr'><strong>toleret</strong></span> <span class='ocrx_word' id='word_1_378' title='bbox 351 4094 478 4141; x_wconf 71' lang='lat' dir='ltr'><strong>2.3.t¹.11.</strong></span> <span class='ocrx_word' id='word_1_379' title='bbox 532 4089 550 4120; x_wconf 90' lang='lat'><strong>¹¹</strong></span> <span class='ocrx_word' id='word_1_380' title='bbox 571 4089 688 4150; x_wconf 85' lang='lat' dir='ltr'><strong>Quidam</strong></span> <span class='ocrx_word' id='word_1_381' title='bbox 706 4091 777 4137; x_wconf 77' lang='lat' dir='ltr'><strong>ontio.</strong></span> <span class='ocrx_word' id='word_1_382' title='bbox 790 4094 814 4137; x_wconf 85' lang='lat'><strong>5.</strong></span> <span class='ocrx_word' id='word_1_383' title='bbox 874 4103 954 4136; x_wconf 89' lang='lat' dir='ltr'><strong>unum</strong></span> <span class='ocrx_word' id='word_1_384' title='bbox 973 4086 1100 4150; x_wconf 81' lang='lat' dir='ltr'><strong>qtriddem</strong></span> <span class='ocrx_word' id='word_1_385' title='bbox 1119 4087 1144 4134; x_wconf 90' lang='lat' dir='ltr'><strong>d.</strong></span> <span class='ocrx_word' id='word_1_386' title='bbox 1165 4089 1294 4137; x_wconf 68' lang='lat' dir='ltr'><strong><em>MSJI.</em></strong></span> <span class='ocrx_word' id='word_1_387' title='bbox 1355 4093 1497 4156; x_wconf 60' lang='lat' dir='ltr'><strong>possedi.</strong></span> 
     </span>
     <span class='ocr_line' id='line_1_43' title="bbox 191 4169 1495 4240; baseline -0.001 -18"><span class='ocrx_word' id='word_1_388' title='bbox 191 4182 266 4222; x_wconf 85' lang='lat' dir='ltr'><strong>eunt.</strong></span> <span class='ocrx_word' id='word_1_389' title='bbox 287 4177 440 4226; x_wconf 68' lang='lat' dir='ltr'><strong>2.3.5.3.1r.</strong></span> <span class='ocrx_word' id='word_1_390' title='bbox 495 4173 786 4224; x_wconf 61' lang='lat' dir='ltr'><strong>”diuinitatem</strong></span> <span class='ocrx_word' id='word_1_391' title='bbox 812 4173 1012 4224; x_wconf 52' lang='lat' dir='ltr'><strong>distruunt.</strong></span> <span class='ocrx_word' id='word_1_392' title='bbox 1060 4169 1495 4240; x_wconf 71' lang='lat' dir='ltr'><strong>¹⁴etl.5.10.15.sl2.3‚8,11,</strong></span> 
     </span>
     <span class='ocr_line' id='line_1_44' title="bbox 192 4257 1494 4322; baseline -0.003 -16"><span class='ocrx_word' id='word_1_393' title='bbox 192 4257 212 4288; x_wconf 80' lang='lat'><strong>¹⁶</strong></span> <span class='ocrx_word' id='word_1_394' title='bbox 232 4258 272 4306; x_wconf 89' lang='lat' dir='ltr'><strong>illi</strong></span> <span class='ocrx_word' id='word_1_395' title='bbox 293 4262 315 4306; x_wconf 84' lang='lat'><strong>1.</strong></span> <span class='ocrx_word' id='word_1_396' title='bbox 329 4266 389 4306; x_wconf 80' lang='lat' dir='ltr'><strong>etr.</strong></span> <span class='ocrx_word' id='word_1_397' title='bbox 403 4276 450 4307; x_wconf 85' lang='lat' dir='ltr'><strong>orn.</strong></span> <span class='ocrx_word' id='word_1_398' title='bbox 465 4260 517 4307; x_wconf 82' lang='lat' dir='ltr'><strong>olii.</strong></span> <span class='ocrx_word' id='word_1_399' title='bbox 570 4258 932 4322; x_wconf 65' lang='lat' dir='ltr'><strong>”dignttmemrurore.</strong></span> <span class='ocrx_word' id='word_1_400' title='bbox 964 4259 1269 4320; x_wconf 77' lang='lat' dir='ltr'><strong>potestatem2.³.§.11.</strong></span> <span class='ocrx_word' id='word_1_401' title='bbox 1309 4258 1494 4316; x_wconf 55' lang='lat' dir='ltr'><strong>nemim,</strong></span> 
     </span>
     <span class='ocr_line' id='line_1_45' title="bbox 191 4338 1494 4407; baseline -0.002 -16"><span class='ocrx_word' id='word_1_402' title='bbox 191 4343 344 4392; x_wconf 75' lang='lat' dir='ltr'><strong>eondit?8.</strong></span> <span class='ocrx_word' id='word_1_403' title='bbox 407 4343 429 4374; x_wconf 78' lang='lat'><strong>²⁴</strong></span> <span class='ocrx_word' id='word_1_404' title='bbox 449 4343 602 4407; x_wconf 69' lang='lat' dir='ltr'><strong>astringere</strong></span> <span class='ocrx_word' id='word_1_405' title='bbox 623 4345 820 4395; x_wconf 59' lang='lat' dir='ltr'><strong>rasuram.</strong></span> <span class='ocrx_word' id='word_1_406' title='bbox 890 4340 1169 4405; x_wconf 75' lang='lat' dir='ltr'><strong>³⁰eonspucntnm5.</strong></span> <span class='ocrx_word' id='word_1_407' title='bbox 1234 4338 1308 4392; x_wconf 70' lang='lat' dir='ltr'><strong>³¹ul</strong></span> <span class='ocrx_word' id='word_1_408' title='bbox 1333 4351 1494 4401; x_wconf 61' lang='lat' dir='ltr'><strong>omis,5‚15,</strong></span> 
     </span>
     <span class='ocr_line' id='line_1_46' title="bbox 190 4424 1493 4492; baseline 0.001 -18"><span class='ocrx_word' id='word_1_409' title='bbox 190 4427 341 4491; x_wconf 81' lang='lat' dir='ltr'><strong>publicitus</strong></span> <span class='ocrx_word' id='word_1_410' title='bbox 361 4428 417 4479; x_wconf 88' lang='lat' dir='ltr'><strong>orb.</strong></span> <span class='ocrx_word' id='word_1_411' title='bbox 432 4445 456 4492; x_wconf 92' lang='lat' dir='ltr'><strong>p.</strong></span> <span class='ocrx_word' id='word_1_412' title='bbox 472 4426 553 4475; x_wconf 83' lang='lat' dir='ltr'><strong>tollat</strong></span> <span class='ocrx_word' id='word_1_413' title='bbox 572 4446 586 4476; x_wconf 85' lang='lat' dir='ltr'><strong>e</strong></span> <span class='ocrx_word' id='word_1_414' title='bbox 606 4428 694 4476; x_wconf 89' lang='lat' dir='ltr'><strong>medio</strong></span> <span class='ocrx_word' id='word_1_415' title='bbox 713 4433 737 4476; x_wconf 81' lang='lat'><strong>5.</strong></span> <span class='ocrx_word' id='word_1_416' title='bbox 807 4443 831 4477; x_wconf 86' lang='lat'><strong>0.</strong></span> <span class='ocrx_word' id='word_1_417' title='bbox 845 4442 870 4490; x_wconf 87' lang='lat' dir='ltr'><strong>p.</strong></span> <span class='ocrx_word' id='word_1_418' title='bbox 892 4426 1040 4490; x_wconf 84' lang='lat' dir='ltr'><strong>publieitns</strong></span> <span class='ocrx_word' id='word_1_419' title='bbox 1063 4424 1142 4473; x_wconf 83' lang='lat' dir='ltr'><strong>tollat</strong></span> <span class='ocrx_word' id='word_1_420' title='bbox 1167 4426 1293 4475; x_wconf 86' lang='lat' dir='ltr'><strong>emedio</strong></span> <span class='ocrx_word' id='word_1_421' title='bbox 1315 4433 1493 4483; x_wconf 69' lang='lat' dir='ltr'><strong>2.3.S.11,15,</strong></span> 
     </span>
     <span class='ocr_line' id='line_1_47' title="bbox 188 4501 1493 4574; baseline -0.003 -15"><span class='ocrx_word' id='word_1_422' title='bbox 188 4511 211 4542; x_wconf 82' lang='lat'><strong>⁸²</strong></span> <span class='ocrx_word' id='word_1_423' title='bbox 230 4511 294 4574; x_wconf 88' lang='lat' dir='ltr'><strong>qnid</strong></span> <span class='ocrx_word' id='word_1_424' title='bbox 314 4524 356 4560; x_wconf 83' lang='lat' dir='ltr'><strong>est</strong></span> <span class='ocrx_word' id='word_1_425' title='bbox 375 4527 476 4565; x_wconf 75' lang='lat' dir='ltr'><strong>canisae.</strong></span> <span class='ocrx_word' id='word_1_426' title='bbox 497 4527 545 4560; x_wconf 88' lang='lat' dir='ltr'><strong>cnr</strong></span> <span class='ocrx_word' id='word_1_427' title='bbox 564 4514 758 4564; x_wconf 62' lang='lat' dir='ltr'><strong>rosarum.</strong></span> <span class='ocrx_word' id='word_1_428' title='bbox 806 4512 916 4560; x_wconf 80' lang='lat' dir='ltr'><strong>horreat</strong></span> <span class='ocrx_word' id='word_1_429' title='bbox 930 4514 1040 4561; x_wconf 83' lang='lat'><em>1.10.11.</em></span> <span class='ocrx_word' id='word_1_430' title='bbox 1059 4501 1170 4558; x_wconf 72' lang='lat' dir='ltr'><strong>horreas</strong></span> <span class='ocrx_word' id='word_1_431' title='bbox 1188 4513 1278 4560; x_wconf 77' lang='lat' dir='ltr'><strong>reteri.</strong></span> <span class='ocrx_word' id='word_1_432' title='bbox 1322 4512 1347 4545; x_wconf 57' lang='grc' dir='ltr'><strong>*ὅ</strong></span> <span class='ocrx_word' id='word_1_433' title='bbox 1365 4516 1414 4567; x_wconf 68' lang='lat' dir='ltr'><strong>hig</strong></span> <span class='ocrx_word' id='word_1_434' title='bbox 1428 4523 1493 4567; x_wconf 66' lang='lat' dir='ltr'><strong>mo,</strong></span> 
     </span>
     <span class='ocr_line' id='line_1_48' title="bbox 190 4594 1491 4656; baseline 0.009 -15"><span class='ocrx_word' id='word_1_435' title='bbox 190 4594 319 4643; x_wconf 83' lang='lat' dir='ltr'><strong>fidrteiam</strong></span> <span class='ocrx_word' id='word_1_436' title='bbox 339 4596 472 4656; x_wconf 81' lang='lat' dir='ltr'><strong>(fidutiam</strong></span> <span class='ocrx_word' id='word_1_437' title='bbox 486 4596 522 4649; x_wconf 57' lang='lat'><strong>52}</strong></span> <span class='ocrx_word' id='word_1_438' title='bbox 541 4595 563 4644; x_wconf 63' lang='grc' dir='ltr'>ἃ</span> <span class='ocrx_word' id='word_1_439' title='bbox 583 4597 728 4645; x_wconf 83' lang='lat' dir='ltr'><strong>andaciam</strong></span> <span class='ocrx_word' id='word_1_440' title='bbox 748 4598 944 4647; x_wconf 60' lang='lat' dir='ltr'><strong>amaranto.</strong></span> <span class='ocrx_word' id='word_1_441' title='bbox 981 4594 1082 4643; x_wconf 75' lang='lat' dir='ltr'><strong>addunt</strong></span> <span class='ocrx_word' id='word_1_442' title='bbox 1097 4596 1248 4645; x_wconf 59' lang='lat' dir='ltr'><strong>hesuro.</strong></span> <span class='ocrx_word' id='word_1_443' title='bbox 1286 4597 1440 4651; x_wconf 67' lang='lat' dir='ltr'><strong>adducunt</strong></span> <span class='ocrx_word' id='word_1_444' title='bbox 1453 4606 1491 4654; x_wconf 82' lang='lat'><strong>11.</strong></span> 
     </span>
     <span class='ocr_line' id='line_1_49' title="bbox 189 4678 1425 4739; baseline 0.009 -15"><span class='ocrx_word' id='word_1_445' title='bbox 189 4678 252 4725; x_wconf 89' lang='lat' dir='ltr'><strong>boni</strong></span> <span class='ocrx_word' id='word_1_446' title='bbox 273 4682 324 4730; x_wconf 58' lang='lat'><strong>23.</strong></span> <span class='ocrx_word' id='word_1_447' title='bbox 347 4684 397 4732; x_wconf 60' lang='grc'><strong>58.</strong></span> <span class='ocrx_word' id='word_1_448' title='bbox 450 4681 472 4711; x_wconf 74' lang='lat'><strong>³⁷</strong></span> <span class='ocrx_word' id='word_1_449' title='bbox 491 4687 520 4730; x_wconf 83' lang='lat' dir='ltr'><strong>et</strong></span> <span class='ocrx_word' id='word_1_450' title='bbox 537 4685 606 4731; x_wconf 75' lang='lat' dir='ltr'><strong>orris.</strong></span> <span class='ocrx_word' id='word_1_451' title='bbox 626 4684 753 4732; x_wconf 59' lang='lat' dir='ltr'><strong>233.st</strong></span> <span class='ocrx_word' id='word_1_452' title='bbox 805 4680 827 4711; x_wconf 69' lang='lat'><strong>³⁵</strong></span> <span class='ocrx_word' id='word_1_453' title='bbox 846 4681 1184 4731; x_wconf 76' lang='lat' dir='ltr'><strong>minuant2.3.5.§.l!.15.</strong></span> <span class='ocrx_word' id='word_1_454' title='bbox 1228 4680 1340 4731; x_wconf 76' lang='lat' dir='ltr'><strong>minuat</strong></span> <span class='ocrx_word' id='word_1_455' title='bbox 1359 4693 1425 4739; x_wconf 75' lang='lat' dir='ltr'><strong>cett.</strong></span> 
     </span>
    </p>
   </div>
   <div class='ocr_carea' id='block_1_4' title="bbox 0 0 1643 5414">
    <p class='ocr_par' dir='ltr' id='par_1_20' title="bbox 0 0 1643 5414">
     <span class='ocr_line' id='line_1_50' title="bbox 0 0 1643 5414; baseline 0 0"><span class='ocrx_word' id='word_1_456' title='bbox 0 0 1643 5414; x_wconf 95' lang='lat' dir='ltr'><strong> </strong></span> 
     </span>
    </p>
   </div>
  </div>
 </body>
</html>
