3276 5414
372 389 377 397 ⁴
459 403 683 473 [rracnnruraer]
720 421 817 457 acerve
835 419 997 455 nnnonsrvs
1033 401 1120 469 (152⁰.)
1357 385 1428 457 527

109 592 113 625 ·'
151 592 207 640 tate
231 581 349 638 scrihere
372 597 550 655 nequeamus,
579 579 667 636 verbis
690 580 775 652 igitur
797 579 898 635 nostris
919 564 1058 635 doctorem
1080 576 1220 650 egregium
1243 573 1381 637 saintahis,
1405 580 1432 628 et

149 677 182 724 ut
205 668 231 723 in
254 666 334 721 solita
358 665 504 740 pertinacia
526 682 574 721 sna
596 672 752 739 perseveret
774 663 938 720 admonebis.

127 814 131 819 ,
215 751 360 808 flubeus.
398 749 496 806 Sedulo
519 749 685 806 curabuntur
707 750 804 805 omnia.
847 749 917 804 Ades
939 749 1016 810 duan.
1039 742 1197 823 χειροῦργε.
1442 753 1501 804 §.ta

214 836 415 908 Chirurgus.
453 834 508 889 Etsi
532 833 566 890 ob
582 834 764 890 Lutheranum
786 832 924 907 negotium
947 833 980 889 alr
999 835 1065 889 hero
1088 850 1149 889 meo
1170 832 1223 887 linc
1245 830 1344 891 missus
1365 846 1433 893 snm,

122 931 182 979 sut
205 931 292 979 tamen
314 920 391 977 voiris
413 936 514 976 murem
537 937 645 992 geram,
675 918 791 976 libenter
819 919 878 982 ilio,
907 918 1022 975 forsitan
1051 936 1105 974 nou
1133 917 1220 973 minus
1242 915 1352 972 domino
1375 932 1434 971 meo

151 1024 233 1082 quarn
255 1005 333 1061 robis
356 1005 421 1081 ipsis
445 1022 500 1061 rem
524 1013 630 1077 gratam
652 1004 782 1061 facturus.

214 1091 357 1147 Rnheus.
395 1090 530 1146 Generosa
558 1089 638 1153 iacis;
668 1106 770 1146 mecum
798 1088 882 1162 igitur
910 1088 1041 1151 concede,
1071 1096 1102 1144 nt
1129 1086 1227 1143 vetulae
1257 1104 1317 1160 quae
1333 1084 1435 1141 iiteras

151 1175 245 1233 attulit
268 1192 428 1249 responsum
450 1175 553 1231 demus.

218 1261 418 1333 Chirurgus.
455 1259 503 1316 Ubi
527 1262 640 1316 eaest‘t

111 1358 144 1401 ro
219 1345 363 1402 Rnheus.
399 1344 473 1400 homi
497 1362 561 1400 inem
584 1345 734 1418 opperitur.

217 1430 419 1502 Chirurgus.
456 1430 553 1485 Eamus
575 1429 668 1502 igitur.
756 1485 759 1492 ,
1307 1461 1309 1465 -
1445 1437 1505 1486 §.te

216 1516 365 1576 Rubeus.
402 1514 440 1570 En
463 1513 544 1571 iiiam.
583 1515 660 1570 'Laeta
683 1514 736 1577 sis,
752 1505 846 1570 'nrater
868 1531 939 1577 mea,
963 1531 1023 1570 nam
1038 1522 1134 1571 cuncta
1150 1531 1182 1571 er
1198 1512 1279 1570 animi
1296 1512 1334 1569 tui
1351 1520 1438 1569 trans·

151 1608 211 1658 acta
233 1607 296 1657 suut
318 1599 460 1678 sentQtia.

217 1685 370 1742 Canidia.
408 1683 494 1747 Euan,
518 1702 646 1758 perquam
670 1684 753 1741 amice
776 1693 873 1741 actum.
896 1684 944 1740 sed
966 1679 1086 1759 nunquid
1109 1683 1202 1741 literas
1216 1683 1323 1745 danitis,
1347 1691 1376 1738 ut
1391 1681 1439 1739 do·
1542 1693 1544 1697 ·

113 1769 228 1828 nomino
250 1787 309 1826 meo
332 1778 386 1826 tam
409 1769 568 1825 immensum
589 1769 718 1843 gamlium
741 1770 918 1826 annunciem?

218 1852 364 1912 Rnheu's.
399 1854 441 1910 Nil
464 1872 534 1929 opus
555 1863 597 1911 est
619 1854 723 1917 literis,
747 1853 806 1910 ilias
829 1855 900 1911 enim
923 1872 970 1911 ore
993 1855 1085 1911 ieram.

218 1939 368 1997 Canidia.
407 1939 464 1995 Sed·
481 1940 602 2012 nunquid
625 1939 872 2014 humectahuntnri

218 2025 364 2081 hahens.
400 2024 521 2086 Minime,
544 2024 595 2081 iam
618 2024 721 2099 pridem
744 2025 816 2081 eninr
837 2025 873 2082 ita
897 2025 968 2083 ferre
990 2025 1104 2083 assueri.

219 2109 368 2166 Canidia.
402 2100 439 2164 ht
462 2109 525 2182 quid
547 2109 580 2167 de
602 2109 722 2167 mulien?
1448 2121 1507 2173 §.sn

221 2194 368 2266 Bulaeus.
405 2195 502 2256 Adest,
525 2211 559 2250 en
582 2194 624 2251 hic
647 2212 726 2268 quern
747 2195 845 2253 cernis.

220 2279 369 2335 Canidia.
404 2279 521 2345 Medicus
542 2296 577 2335 ne
600 2279 643 2337 hio
664 2289 707 2336 est
729 2281 846 2337 carnifici
869 2298 925 2337 non
940 2279 1088 2338 absimilis?

222 2363 368 2420 habens.
406 2352 463 2437 Μὴ
483 2352 612 2435 σκῶπτε,
640 2382 701 2424 nam
733 2365 873 2422 admodum
898 2367 922 2421 in
946 2354 1005 2422 arte
1026 2383 1073 2422 sua
1103 2364 1208 2439 peritus
1236 2363 1366 2426 hahetur:
1394 2362 1440 2419 sed

159 2465 223 2507 num
245 2458 273 2505 tn
296 2448 408 2523 pedihus
431 2449 482 2505 huc
505 2450 664 2523 pervenisti,
688 2466 721 2506 an
744 2459 851 2507 vectore
874 2450 965 2525 aiiqno
987 2469 1036 2507 usa
1058 2451 1105 2507 es?

198 2533 373 2600 ,Canidia
411 2533 532 2590 Vectore.

122 2633 149 2675 as
223 2618 368 2675 it‘ubeus.
405 2619 440 2674 ht
462 2618 507 2675 ubi
529 2619 663 2677 hominem
685 2618 836 2694 reliquisti.
859 2629 906 2678 aut
928 2630 993 2695 quot
1017 2619 1063 2676 ilie
1085 2619 1194 2678 addunt
1215 2637 1316 2694 equos,
1339 2627 1369 2675 ut
1391 2635 1441 2674 nos

159 2722 268 2779 qnoque
292 2712 380 2761 tecum
403 2704 530 2761 revehat?
763 2778 766 2783 Ι

222 2788 374 2846 Canidia.
411 2788 504 2863 Neque
526 2789 560 2846 ah
581 2790 689 2866 lromine
711 2800 758 2847 aut
780 2791 857 2865 equis
880 2791 990 2850 adducta
1015 2809 1083 2849 sum.
1451 2801 1510 2851 §.rt

222 2873 369 2930 Ruheus.
406 2872 475 2941 uuio
496 2875 552 2930 ais?
580 2875 710 2950 numquid
733 2876 829 2932 notati
853 2878 937 2933 instar
958 2876 1060 2933 alarum
1083 2889 1131 2932 usa
1153 2892 1183 2932 es
1206 2874 1338 2949 remigio?

223 2959 373 3015 Canidia.
410 2958 441 3014 Et
464 2977 497 3015 ne
519 2959 585 3016 iliud
607 2960 729 3034 quidem,
759 2962 805 3018 sed
827 2979 931 3019 mecum
953 2963 1088 3019 civitatem
1115 2961 1288 3034 egredimini,
1316 2977 1347 3016 ac
1368 2958 1445 3016 vohis

125 3044 270 3100 anubinam
292 3053 427 3100 vectorem
450 3045 539 3101 meum
561 3045 718 3119 reliquerim
740 3047 895 3105 ostendero.
1282 3074 1285 3079 ·

226 3129 372 3186 Ruheus.
410 3128 514 3204 iprae,
537 3148 691 3203 sequemur.

225 3213 376 3270 Canidia.
414 3210 452 3277 En
474 3223 617 3272 vectorem.
1041 3269 1044 3274 .
1375 3258 1378 3265 -

226 3298 371 3355 Bulaeus.
409 3297 476 3368 Quia
499 3300 552 3362 ais,
582 3299 713 3356 venetica?
743 3318 806 3356 num
837 3318 932 3357 vervex
960 3299 1006 3357 iiie
1035 3301 1144 3358 imtidus
1173 3309 1201 3356 et
1228 3300 1297 3357 maie
1319 3299 1396 3356 olens
1419 3309 1446 3356 te

165 3383 288 3440 advexit?
1249 3383 1253 3391 '
1427 3440 1435 3450 ,

126 3479 155 3521 ss
228 3468 376 3527 Canidia.
414 3468 444 3527 Et
466 3470 577 3527 revehet
598 3486 715 3543 quoqne.
759 3469 840 3526 Proin
868 3470 890 3525 si
920 3488 1023 3527 rnecnnr
1052 3471 1141 3527 venire
1168 3468 1258 3533 iuhet,
1288 3469 1448 3526 festinanter

164 3554 286 3611 ascernie.

227 3639 372 3696 Ruheus.
410 3637 466 3713 Ego
489 3657 522 3695 ne
545 3648 599 3696 tam
623 3639 741 3697 olentem
763 3639 867 3696 hircum
888 3638 1079 3697 ascenderem?
1456 3651 1515 3700 §.sa

228 3723 380 3789 Canidia.
418 3724 450 3779 Ut
473 3723 562 3787 iubet.
586 3725 614 3781 ni
637 3725 706 3781 eninr
731 3733 758 3780 tu
781 3725 923 3787 ascendas,
947 3725 998 3785 ianr
1019 3730 1073 3799 eqo
1094 3724 1172 3782 abeo.

228 3808 376 3865 hebens.
413 3811 447 3864 ht
470 3809 513 3864 uhi
537 3810 655 3867 medicus
677 3810 844 3867 remanebit?

128 3904 158 3946 ⁴⁰
231 3893 377 3975 Canidia.
416 3893 443 3950 Si
461 3894 562 3968 placet,
585 3896 708 3953 manilius
730 3895 857 3952 ambabus
880 3895 976 3955 hestia
998 3896 1110 3957 caudam
1130 3893 1322 3970 appeirendat.

232 3977 375 4035 huhrus.
410 3978 483 4034 Proh
506 3979 585 4036 deum
606 3988 688 4054 atque
711 3981 848 4037 hominum
877 3978 970 4043 iidem.
999 3981 1050 4037 nisi
1074 3981 1143 4037 enim
1167 3979 1282 4036 hericius
1305 3987 1399 4035 noster
1421 3979 1447 4035 in

169 4072 245 4121 tanto
266 4064 420 4120 discrimine
442 4064 608 4121 constitutus
630 4073 715 4126 esset,
738 4083 875 4140 nunquam
897 4066 1018 4141 periculo
1042 4074 1116 4122 tanto
1132 4082 1174 4122 me
1190 4082 1360 4140 exponerem.
1394 4062 1516 4119 Sedala&

168 4147 326 4222 priusquam
346 4149 502 4212 ascendam.
526 4148 591 4206 illud
613 4149 707 4214 otiare,
730 4159 773 4207 est
795 4169 828 4207 ne
849 4151 893 4208 hic
914 4150 1073 4213 Emseranus
1095 4145 1288 4225 capricornus?

233 4233 381 4291 Canidia.
417 4233 537 4297 Minime,
560 4234 607 4290 sod
630 4234 714 4291 irater
736 4234 877 4310 patruelis.

132 4329 160 4369 ι’)
232 4317 375 4375 liniens.
411 4317 502 4376 Placet
523 4336 616 4380 omen,
644 4336 705 4376 narn
732 4337 793 4378 curn
821 4320 867 4377 ille
895 4328 989 4378 noster
1011 4320 1061 4384 sit.
1091 4321 1135 4377 hie
1156 4337 1220 4377 vero
1243 4319 1316 4377 illins
1338 4336 1451 4376 consan-

169 4401 300 4476 guineus,
323 4403 376 4460 iarn
398 4403 481 4471 ferme
503 4404 640 4461 dimidium
664 4404 769 4462 timoris
784 4404 914 4463 abiecisse
930 4405 1030 4463 videor.
1068 4406 1114 4462 seii
1130 4405 1256 4480 quidnam
1271 4422 1352 4479 agere
1369 4421 1451 4479 opor·

171 4495 210 4544 tet
232 4485 322 4545 edoce.
861 4518 864 4524 ·
1266 4520 1269 4525 ·

170 4604 179 4611 μ
193 4606 211 4611 --
225 4607 300 4613 --ιω
310 4604 371 4613 --——

239 4668 250 4703 ⁴
268 4670 312 4721 Cf.
325 4646 407 4737 supra
419 4675 442 4732 §-
455 4673 497 4723 42.
566 4669 731 4739 pertinacia}
749 4672 768 4723 i.
779 4689 802 4723 e.
821 4640 947 4724 Enniana
964 4672 1108 4725 modestia.
1127 4673 1164 4724 ef.
1183 4686 1268 4739 snpra
1286 4689 1312 4739 p.
1326 4672 1385 4723 522.
1399 4673 1451 4726 ef.

170 4751 193 4786 ¹¹
213 4756 261 4807 ‘Ne
279 4756 389 4806 morde.'
407 4758 466 4807 edd.
478 4759 496 4808 i.
508 4773 539 4806 m.
