3330 5408
289 371 361 442 432
725 402 841 436 uranum
863 402 1136 437 PSBVDOHVTTEMCI·

351 557 471 614 lulius.
510 558 561 614 hoc
584 570 626 615 est
648 577 702 616 nou
725 556 833 632 absque*
849 559 992 633 promissis
1015 577 1045 615 ea
1068 569 1148 633 pacta
1171 560 1347 621 sacerdotiis.
1371 570 1453 636 atquc
1476 563 1506 619 ln
1528 565 1579 620 hoc

287 644 405 717 repertis
427 651 485 699 arte
508 642 728 700 dileiussorilrus:
752 643 1006 717 aliquandoquidem
1032 652 1084 700 tam
1103 644 1238 717 ingentem
1255 646 1394 718 pecuniam
1411 647 1451 702 rix
1467 646 1579 704 Crassus

287 727 345 802 ipse
369 736 531 801 praesentem
555 737 638 784 totam
667 737 843 784 numerasset.
889 729 986 784 Verum
1015 729 1071 784 lraec
1098 731 1198 784 trustra
1229 729 1277 784 riti
1307 747 1404 792 narro.
1440 749 1502 805 quae
1530 749 1579 789 nce

288 830 380 868 omnes
404 812 561 884 intelligunt
583 813 724 869 mensarii:
748 812 830 868 hahes
853 813 990 886 quomodo
1013 814 1196 886 pervenerim:
1225 812 1278 869 lam
1292 814 1328 869 ⁴in
1352 815 1513 889 pontificatu
1536 835 1577 873 me

287 896 323 952 ita
346 898 434 969 gessi.
457 906 488 952 ut
511 914 589 953 neura
612 898 647 953 sit
670 915 724 954 nou
746 897 832 953 ilicum
854 899 1007 972 priscorum
1031 898 1138 953 illarum
1157 897 1331 971 pontificum,
1355 899 1401 972 qui
1418 900 1479 957 solo
1496 902 1597 956 titulo⁵

286 981 350 1036 milri
375 982 498 1037 videntur
521 998 580 1037 esse
603 982 757 1055 pontifices,
787 983 834 1038 sed
857 999 907 1038 uec
930 983 1126 1045 recentiorum,
1161 982 1205 1038 cui
1229 990 1332 1040 tantum
1355 983 1484 1047 ecclesia,
1521 995 1578 1041 tau·

288 1073 345 1121 turn
367 1065 490 1121 Christus
512 1065 570 1139 ipse
592 1065 701 1130 debeat,
726 1073 855 1140 quantum
880 1066 958 1122 milri:

219 1158 277 1209 tn.
351 1150 488 1205 Genius.
528 1150 561 1206 Ut
584 1151 749 1208 Thrasonem
773 1151 829 1223 agit
850 1149 942 1206 belua!

349 1235 485 1290 Petrus.
523 1234 640 1309 llapeeto
663 1253 794 1309 quorsum
817 1236 920 1291 eracles.

351 1319 474 1375 lulius.
512 1337 572 1375 nam
592 1319 685 1375 rrrultis
708 1320 805 1376 officiis
828 1320 877 1392 (sic
899 1321 969 1375 enim
993 1319 1099 1392 vocant)
1121 1320 1197 1376 novis
1219 1309 1335 1395 repertis
1359 1340 1412 1377 uon
1434 1323 1576 1380 mediocri·
1587 1327 1608 1367 ¹⁰

287 1414 330 1462 ter
352 1404 411 1460 auxi
442 1403 536 1460 fiscum
566 1405 743 1478 pontificium.
791 1414 846 1460 trun
877 1405 1009 1461 rationem
1040 1404 1143 1466 iuveni,
1177 1414 1207 1460 ut
1235 1408 1302 1461 citra
1332 1407 1455 1462 siruouiu,
1484 1409 1576 1463 vitium

286 1490 460 1564 episcopatus
481 1498 650 1545 emerentur:
680 1490 806 1545 nimirum
828 1490 1007 1545 constitutum
1030 1499 1107 1544 esta
1134 1489 1281 1545 maioribus
1302 1492 1384 1553 meis,
1408 1500 1439 1546 ut
1454 1493 1499 1548 cui
1514 1497 1577 1548 coir·

287 1575 380 1647 tigerit
404 1574 592 1649 episcopatus,
623 1575 645 1629 is
667 1575 785 1648 deponat
808 1573 941 1629 officium:
976 1573 1001 1628 id
1028 1574 1064 1629 ita
1094 1591 1154 1629 sum
1183 1574 1395 1648 interpretatus,
1430 1576 1575 1650 ‘deppuere

287 1659 403 1722 irrlreris;
436 1668 463 1713 at
487 1675 542 1714 non
563 1658 710 1733 deponitur
733 1658 805 1733 quod
834 1676 888 1713 non
914 1658 1014 1722 habes;
1048 1658 1187 1714 emendum
1216 1658 1301 1732 igitur
1330 1659 1402 1733 quod
1432 1661 1574 1734 deponas‘:

288 1743 335 1798 liae
358 1750 415 1798 arte
439 1741 539 1816 singuli
562 1744 735 1818 episcopatus
757 1760 820 1798 sena
848 1742 939 1797 statim
961 1751 1008 1798 aut
1033 1750 1145 1816 septena
1173 1734 1331 1799 tlucatarurn
1360 1743 1443 1800 millia
1461 1746 1606 1807 ,attere-¹³2

201 1828 364 1891 'caelantl
388 1835 489 1901 practer
510 1825 554 1883 illa
578 1845 638 1900 quie
659 1845 691 1883 ea
711 1845 786 1883 more
809 1845 860 1902 pra
883 1825 965 1883 bullis
987 1835 1194 1901 extorquentur.
1238 1827 1307 1895 Quin
1325 1846 1356 1884 er
1371 1846 1440 1884 nora
1456 1837 1574 1890 nruneta.

286 1930 338 1985 qim
361 1920 445 1967 totam
467 1911 570 1985 explevi
595 1912 710 1975 ltaliam,
732 1929 786 1967 nun
807 1913 933 1985 exiguum
953 1912 1164 1967 emolumenturn
1187 1912 1314 1973 cenitari:
1337 1930 1386 1969 nec
1403 1913 1457 1969 ulla
1473 1915 1573 1970 cessavi

286 2006 363 2070 parte
387 1997 412 2051 in
433 1996 631 2053 accumulandis
653 1996 789 2071 pecuniis:
813 1997 940 2052 nimirum
963 1996 1120 2069 intelligens
1141 1997 1243 2069 absque
1268 1997 1299 2053 iis
1322 1996 1389 2053 nihil
1410 2008 1485 2054 recte
1508 1999 1574 2072 geri.

217 2085 374 2154 §.teneque
397 2099 502 2136 sucrum
524 2099 612 2154 neque
632 2069 785 2155 proiauuur.
830 2082 862 2136 Et
887 2089 918 2137 ut
944 2081 976 2139 ad
999 2082 1100 2137 maiora
1127 2082 1246 2142 reniam.
1280 2081 1462 2137 Bononiama
1487 2083 1574 2138 llenti·

283 2164 351 2221 volis
375 2174 531 2238 occupatam
559 2167 684 2221 llorurmm
715 2165 771 2221 sedi
800 2166 921 2227 restitui,
958 2165 1074 2221 Venetos
1103 2175 1165 2221 ante
1195 2165 1309 2221 inuictos
1339 2165 1465 2221 omnihus
1491 2167 1607 2222 llarte²⁰

283 2250 410 2310 comitali:
432 2249 563 2305 l'errariar
585 2251 679 2307 ducem
700 2251 745 2305 diu
768 2250 836 2306 uude
860 2259 981 2306 vexatum
998 2249 1069 2307 hello
1086 2250 1297 2324 propemodum
1314 2251 1340 2305 in
1358 2267 1466 2306 nassum
1484 2250 1575 2307 illexe-

284 2351 355 2395 ram:
379 2333 586 2390 ciriacilialrulum
608 2335 806 2390 schismaticum
826 2335 953 2390 simulato
976 2344 1069 2391 contra
1092 2333 1208 2390 concilia
1232 2334 1347 2390 feliciter
1367 2334 1451 2397 elusi,
1477 2345 1504 2391 et
1521 2335 1574 2392 cla·

283 2438 358 2480 vurn,
387 2419 459 2492 quod
482 2419 533 2475 dici
557 2419 641 2482 solet,
672 2419 748 2475 claro
770 2420 872 2493 pepuli.
917 2429 1057 2492 postremo
1083 2417 1187 2479 Gallos,
1221 2428 1283 2474 tuuc
1307 2418 1366 2473 orlii
1389 2419 1573 2475 formidabiles

283 2504 424 2563 universo.
447 2522 478 2558 ex
501 2505 625 2560 universa
648 2504 722 2560 ltalia
745 2503 899 2564 (lumbari,
919 2503 1113 2559 dcturlratiuus
1134 2502 1314 2576 etllispanos
1337 2503 1408 2573 (nam
1425 2504 1477 2560 lruc
1494 2504 1573 2576 iham)

215 2589 335 2644 §.unta
360 2606 400 2644 nte
424 2590 476 2643 latta
502 2589 582 2644 terris
605 2588 777 2663 eripuissent.
817 2592 905 2661 Atque
929 2588 971 2644 hic
997 2605 1106 2661 (puroque
1137 2605 1216 2660 quarn
1244 2589 1370 2644 irtvlctum
1395 2589 1605 2662 prrastiteriru²⁵

283 2675 414 2733 animuin,
439 2673 510 2729 vide:
543 2673 625 2729 Gallis
646 2672 834 2746 superioribus
857 2672 974 2729 latebras
992 2672 1218 2746 circumspectare
1242 2673 1326 2746 ceepi;
1353 2689 1445 2727 cauam
1469 2672 1572 2728 alebam

283 2759 407 2817 liarlram.
438 2758 520 2813 rebus
542 2758 737 2833 propemodum
761 2758 787 2812 iu
815 2743 1034 2831 desperationem
1062 2757 1196 2816 adductis.
1230 2775 1290 2813 cum
1318 2765 1431 2829 repente
1462 2759 1573 2812 nuntius

282 2843 395 2900 allertur
416 2860 525 2905 aureus,
559 2844 629 2918 apud
653 2838 802 2898 llarennam
830 2841 936 2916 aliquot
958 2841 1095 2898 Gallorum
1122 2840 1204 2896 millia
1235 2841 1383 2903 trucidata:
1418 2841 1453 2895 ilri
1478 2842 1573 2896 revisit

282 3009 482 3020 --——-—--

281 3112 431 3161 videretur.
467 3127 530 3160 unm
549 3111 573 3159 si
593 3115 697 3159 tantum
716 3125 807 3174 operae
826 3110 959 3159 uerrendis
978 3108 1090 3174 regibus
1110 3107 1144 3156 ad
1162 3107 1263 3157 bellum
1288 3107 1315 3155 in
1334 3106 1453 3156 Tiircam
1477 3107 1571 3157 decer·

281 3197 412 3257 nerrdum,
433 3200 563 3260 quantum
582 3194 617 3243 ud
637 3195 752 3258 imperia
771 3200 799 3243 et
818 3194 990 3260 respublicas
1009 3192 1213 3242 conturbandus
1237 3197 1265 3240 et
1288 3190 1484 3255 inquietundas
1508 3206 1570 3239 con-

280 3280 403 3335 tulisset,
433 3281 536 3329 neruini
556 3279 665 3327 dubium
686 3293 746 3327 essa
765 3284 870 3344 potest,
903 3278 968 3343 quin
991 3277 1148 3343 respublica
1167 3275 1327 3325 Christiana
1351 3276 1411 3324 eius
1435 3275 1572 3340 presidiis

281 3365 398 3414 subnixa
416 3364 531 3414 meliore
549 3364 610 3413 loeo
631 3368 659 3413 ct
678 3363 835 3412 conditione
860 3363 964 3412 (liutius
989 3377 1038 3410 suo
1062 3367 1185 3426 temporo
1209 3361 1334 3410 stetisset
1358 3374 1391 3408 ac
1415 3359 1569 3409 floruisset'.

279 3447 343 3498 ’ex
362 3454 421 3499 arte
440 3451 566 3500 2.3.8.11.
621 3445 697 3512 alim]
717 3447 938 3512 quandoquidem
956 3448 1153 3499 2.3.5.8.11.l5.
1200 3444 1210 3475 ⁰
1229 3441 1403 3510 praesentem]
1422 3442 1532 3507 plertim
1546 3448 1569 3493 1.

197 3546 199 3550 '
280 3535 434 3599 praesertim
448 3536 488 3582 10.
541 3532 593 3582 hoe
613 3534 709 3582 3.8.11.
763 3547 815 3581 ncc
834 3533 937 3604 Lali),⁴
964 3530 1170 3595 nequiuerat,
1201 3545 1235 3578 ne
1255 3531 1325 3579 3.11.
1378 3526 1570 3593 ⁴intclligaut

280 3621 378 3668 2.3.11.
410 3633 490 3683 (prtum
510 3634 552 3667 mc
571 3632 664 3666 omnes
683 3616 1033 3681 intelligantnrensariid.
1086 3613 1118 3645 ⁵¹⁶
1137 3615 1177 3663 ita
1195 3629 1237 3662 me
1257 3615 1409 3662 naman.
1468 3611 1568 3677 θυεερ]

281 3704 367 3752 luisse
386 3705 583 3755 remeante.
648 3700 796 3759 ''Thrasm
821 3702 1009 3749 r'uaaleattssime
1027 3701 1151 3764 pluriosus
1168 3701 1237 3746 mites
1260 3699 1285 3745 in
1308 3696 1422 3745 Terentii
1438 3697 1568 3747 Erinaidea.

280 3785 302 3819 ¹⁰
320 3784 433 3853 officiis]
458 3785 598 3836 ruriaeru'bua
616 3784 808 3850 dianitatidusee
827 3786 1013 3834 ecclesiasticis.
1068 3781 1086 3813 ¹¹
1107 3783 1207 3832 vicium
1222 3783 1319 3830 3.5.11.
1373 3778 1395 3810 ¹⁸
1413 3781 1487 3842 Quin
1503 3784 1568 3830 ΜΟ.

279 3872 348 3922 Tum
367 3858 562 3924 2.3.5.8.11.15.
616 3868 637 3901 ¹⁸
655 3870 690 3919 iis
710 3873 775 3918 Μθ.
803 3868 845 3919 lris
864 3871 1060 3919 2.3.5.8.1l.15.
1120 3865 1141 3898 ¹⁰
1160 3865 1431 3915 Iuaau.Bentioalr'um
1444 3863 1570 3914 Bononiae

279 3957 417 4021 dynasten,
444 3958 505 4005 ‘eum
522 3971 605 4005 rexere
623 3961 648 4004 et
662 3956 724 4017 filiis
742 3953 803 4002 arde
820 3957 952 4017 empturum
969 3956 1110 4003 exantlatum
1127 3951 1273 4008 Bussetiun,
1293 3950 1441 3998 Parmensis
1453 3951 1512 4012 apri
1523 3966 1568 4013 op·

277 4043 370 4104 pidum,
391 4040 462 4089 adire
479 4042 573 4104 eoepit,
592 4041 695 4104 eiusque
713 4040 814 4088 extorta
831 4045 968 4088 structurae
985 4039 1081 4087 damian
1096 4036 1196 4097 sinenti
1210 4036 1305 4097 popula
1324 4034 1509 4083 excindendam
1527 4034 1568 4081 olr-

278 4127 362 4176 iecit.''
383 4123 493 4189 Onuplrr.
508 4125 612 4175 Panoin.
626 4127 650 4173 ia
663 4129 704 4173 ott.
719 4123 781 4173 latii
791 4129 821 4170 11.
861 4119 884 4154 ²⁰
901 4119 1032 4186 Venetos]
1050 4135 1136 4185 papan
1148 4120 1183 4168 ad
1194 4117 1299 4167 Glriara
1312 4116 1416 4166 d'ddda
1428 4120 1566 4178 cananaeae,

278 4207 479 4274 d.18.Apr.a.
496 4206 568 4258 1509.
631 4204 651 4238 ²¹
670 4208 747 4258 Ferr.
762 4203 835 4271 duc]
855 4206 988 4269 Alsoaaam
999 4204 1140 4255 Estensern.
1203 4199 1225 4233 ¹²
1244 4198 1470 4267 conciliabulum]
1490 4203 1566 4251 Pisa-

277 4308 354 4357 num,
386 4293 422 4343 ad
447 4292 529 4357 quod,
563 4291 597 4342 ad
620 4290 677 4343 kal.
696 4290 771 4357 Sept.
796 4307 821 4340 a.
836 4288 911 4339 1510.
930 4289 1063 4350 futurum,
1093 4289 1153 4353 ipse
1176 4285 1303 4352 pontifex
1331 4286 1435 4335 citatus
1464 4286 1565 4337 tuerat.

276 4378 465 4428 scismaticum
483 4381 506 4426 1.
526 4377 619 4427 sciam.
636 4376 726 4441 ribtprie
745 4378 798 4425 1.3.
851 4371 966 4424 consilio
982 4377 1003 4425 t.
1022 4374 1194 4422 Later-anenst
1215 4371 1246 4420 V.
1300 4368 1433 4419 loeliciter
1450 4373 1502 4421 28.
1520 4372 1567 4421 red

277 4461 325 4511 iel.
345 4463 554 4511 rauranum
578 4467 604 4510 et
625 4463 663 4510 a'c
686 4464 711 4510 tn
728 4476 784 4525 sqq.
859 4457 881 4489 ²³
904 4445 971 4524 ἧλος
993 4451 1043 4507 τὸν
1066 4444 1149 4522 ἧλον,
1172 4445 1314 4510 adraniae
1337 4444 1388 4501 ada
1410 4445 1563 4503 πάτταλον.

275 4545 442 4610 Diogenian.
455 4545 487 4595 V.
502 4542 542 4594 lo.
555 4549 584 4594 et
602 4544 660 4594 alii.
712 4542 735 4575 'l
753 4543 869 4593 nuncius
886 4542 1100 4593 neaeram„
1135 4538 1157 4570 ²⁸
1176 4537 1248 4602 apud
1266 4533 1439 4600 Ravennam]
1459 4539 1503 4587 dte
1517 4553 1562 4601 pa·

274 4630 370 4678 sedatis
381 4642 405 4677 a.
421 4628 494 4678 tarn.
512 4635 558 4677 xx
571 4630 639 4679 mdia
655 4629 788 4685 nominum,
807 4642 880 4693 mque
895 4627 954 4689 fere
966 4641 1002 4675 ear
1013 4632 1120 4689 atraque
1137 4629 1339 4687 pertentantem,
1359 4637 1412 4670 earn
1426 4621 1469 4670 cl,
1484 4622 1562 4670 Fran-

275 4717 403 4778 repudii-is
420 4715 541 4764 nabiddas
559 4721 583 4764 et
600 4715 656 4778 ipsa
674 4714 803 4763 exercitus
821 4713 883 4761 dicre
903 4712 1013 4760 (luetone
1031 4709 1063 4759 dc
1082 4709 1149 4757 Fata·
1166 4707 1227 4755 caan
1243 4711 1308 4755 ciant.
