3276 5414
375 422 397 456 l·'.
414 423 438 455 Α.
454 422 476 454 Ρ.
491 422 627 454 rancidus
647 422 681 454 DE
701 422 785 454 out'rt'
807 423 874 455 ll'lill
897 422 919 454 Ρ.
935 422 961 455 ll.
1019 421 1045 456 Α.
1060 419 1085 453 D.
1101 420 1224 456 miratu.
1365 387 1429 459 4·ll
1512 439 1515 449 .

890 548 902 567 1

155 580 321 635 tlaeritatem.
364 588 496 652 practerea
519 578 609 634 nullus
632 579 674 635 hic
697 580 811 640 assidet.
839 580 904 653 quin
929 578 978 632 sibi
1001 588 1080 653 putet
1102 577 1202 650 aliquid
1223 578 1350 633 adversus
1372 594 1440 651 pon·

156 665 253 720 tilicem
277 663 358 719 licere
382 663 489 719 concilii
514 663 610 726 titulo,
644 664 770 720 nimirum
793 664 858 720 alias
884 664 1020 719 invictum.
1065 662 1238 737 proindevia
1261 661 1346 719 ullum
1375 679 1441 718 eon·

153 750 244 806 cilium
266 757 318 804 tarn
344 748 460 804 feliciter
481 749 578 811 cessit,
607 749 672 823 quin
695 766 816 805 summus
840 749 884 804 ille
912 749 1034 823 pontifex
1064 765 1116 804 uon
1145 746 1261 821 aliquam
1290 746 1438 803 maiestatis

154 852 211 889 saraa
231 835 359 889 iacturam
380 834 510 895 senserit,
540 835 683 907 ruinasque
706 852 825 890 summus
848 834 1019 889 discesserit:
1050 834 1127 890 euius
1154 832 1193 888 rei
1216 831 1256 887 rel
1280 833 1337 905 ipse
1362 832 1508 889 [estisne.

130 925 215 975 se'sse
239 928 332 992 pedes,
356 919 406 974 nisi
432 937 545 993 prorsus
567 920 678 976 cncidit:
711 937 771 974 uam
795 929 1033 992 quantumcunque
1058 918 1166 991 quidem
1185 918 1219 973 de
1241 917 1321 973 rebus
1343 917 1440 990 ageba·

155 1013 201 1058 tur
224 1004 359 1066 leviculis,
383 1021 435 1058 uim
458 1005 491 1058 de
515 1005 634 1078 imperiis
655 1014 682 1061 et
709 1005 792 1076 regiis
814 1004 953 1063 censibus,
976 1012 1064 1058 tamen
1088 1003 1198 1058 lacobus
1220 1021 1301 1058 ausus
1321 1011 1363 1058 est
1389 1012 1441 1059 tuce

156 1090 274 1144 orationi
300 1106 353 1143 non
378 1089 443 1144 nihil
465 1089 497 1144 dc
519 1108 568 1144 suo
590 1091 703 1145 addere:
726 1092 825 1145 etenim
843 1107 903 1145 earm
928 1097 955 1143 tu
980 1087 1097 1161 gentiles
1122 1105 1204 1144 onere
1227 1088 1349 1145 llosaicae
1371 1087 1440 1161 legis

154 1174 181 1228 in
206 1183 292 1229 turum
316 1174 460 1234 liberares,
478 1167 479 1170 ’
494 1173 605 1230 lacobus
629 1175 775 1231 succedens
799 1174 1004 1241 deculcationem
1028 1173 1146 1247 excepit,
1182 1181 1208 1228 et
1231 1174 1390 1246 sanguinem
1413 1183 1440 1230 et

154 1258 352 1332 idolothytum,
381 1257 462 1313 veluti
486 1261 626 1333 corrigens
647 1269 718 1316 tuam
740 1260 917 1321 senteutiam,
946 1267 975 1314 ut
999 1258 1079 1313 hodie
1102 1258 1156 1313 sint
1177 1257 1223 1330 qui
1247 1258 1346 1314 haere
1368 1276 1441 1315 com-
1498 1281 1501 1287 ·

120 1343 223 1399 inmoti
246 1362 300 1399 non
324 1344 388 1405 tini.
412 1344 456 1399 sed
479 1344 574 1400 lacobu
597 1355 693 1419 portent
716 1346 799 1401 luisse
821 1345 916 1400 summi
939 1342 1074 1417 pontificis
1097 1344 1298 1399 authoritatem.

217 1430 351 1484 Petrus.
388 1429 473 1484 Unum
499 1430 582 1503 igitur
602 1431 776 1504 spectandum
800 1429 950 1490 existimas,
976 1438 1005 1484 ut
1026 1427 1097 1483 salva
1114 1429 1149 1509 sit
1169 1428 1242 1500 regia
1259 1429 1354 1484 summi
1372 1433 1508 1503 pon-§.ou

156 1514 235 1568 [ilicis
255 1515 395 1575 maiestas,
419 1532 449 1570 ac
469 1533 523 1570 aion
545 1516 630 1588 magis
653 1515 759 1589 publiea
784 1514 887 1571 utilitas
911 1514 949 1569 rei
972 1513 1149 1570 Christianae?

219 1599 338 1655 lulius.
373 1600 411 1654 dd
433 1618 512 1655 suum
531 1601 646 1674 quisque
664 1602 942 1674 negocium'spectat‚
966 1616 1016 1655 uos
1032 1605 1155 1654 nostrum
1172 1599 1278 1672 agimus
1292 1599 1440 1672 negotium.

216 1684 351 1739 Petrus.
390 1686 470 1758 dtqui
501 1685 522 1739 si
545 1685 667 1740 Christus
697 1687 766 1741 idem
789 1686 911 1746 lecisset,
943 1685 993 1740 iam
1024 1700 1077 1738 nen
1103 1693 1175 1742 esset
1202 1684 1329 1746 ecclesia,
1364 1685 1441 1740 euius

123 1776 183 1823 ute
204 1771 376 1825 monarcham
400 1771 504 1825 iactitas
527 1789 601 1832 esse:
622 1779 649 1824 et
673 1788 726 1825 nou
747 1771 824 1827 rideo
844 1771 889 1844 qui
913 1769 1069 1829 conveniat,
1094 1776 1123 1823 ut
1145 1769 1190 1841 qui
1207 1769 1306 1824 Christi
1327 1769 1441 1827 vicarius

154 1853 285 1927 appellari
309 1855 438 1927 gaudeat,
461 1855 570 1910 Christo
591 1856 694 1911 diuersa
719 1865 857 1928 sequatur.
897 1855 949 1910 Sed
974 1854 1038 1909 illud
1055 1854 1104 1909 iam
1121 1854 1229 1927 expedi,
1252 1872 1367 1927 quanam
1382 1863 1439 1912 arte
1451 1858 1510 1907 §.tt

154 1939 352 1995 schismaticum
376 1940 455 2001 illud,
481 1942 519 1995 uti
541 1951 569 1995 tn
593 1959 684 2002 vocas,
707 1941 850 1996 concilium
870 1938 1049 1996 discusseris?

218 2024 335 2079 lulius.
375 2026 461 2081 llicam
484 2027 621 2098 equidem,
645 2043 789 2098 assequere
805 2026 827 2081 si
845 2033 937 2100 potes:
967 2025 1085 2080 Primum
1106 2025 1297 2097 Imperatorem
1324 2024 1442 2080 illaaimi·

155 2108 254 2164 lianum
277 2128 337 2165 cum
361 2129 409 2184 per
431 2110 559 2167 solennes
580 2111 691 2166 auritios
713 2111 858 2166 concilium
882 2110 1028 2170 indixerat.
1051 2127 1101 2183 per
1123 2126 1177 2164 uon
1200 2109 1328 2164 dicendos
1347 2112 1442 2167 modos

119 2193 191 2248 acab
209 2195 335 2250 instituto
352 2195 474 2251 subduxi.
504 2197 639 2251 Praeterea
655 2195 805 2252 cardinales
821 2195 925 2268 aliquot
941 2205 998 2251 arte
1018 2194 1098 2249 simili
1114 2193 1237 2268 persuasi
1260 2203 1289 2251 ut
1305 2196 1376 2268 quod
1394 2214 1442 2270 pu·

154 2277 261 2335 blieatis
284 2281 334 2335 iarn
359 2281 547 2336 instrumentis
564 2289 728 2342 statuerant,
756 2298 863 2336 rursum
885 2281 978 2337 accitis
994 2280 1108 2336 notariis
1126 2287 1154 2335 et
1171 2278 1285 2335 testibus
1301 2289 1440 2353 negarent.

195 2365 349 2455 ,Petrus
382 2368 422 2420 dn
445 2366 517 2420 istud
541 2365 621 2421 lieet?
1164 2430 1168 2439 .

213 2448 336 2504 lulius.
374 2450 441 2518 Quid
465 2451 491 2505 ni
512 2450 591 2506 liceat
614 2451 782 2526 approbante
802 2468 907 2506 summo
929 2449 1074 2524 pontifice?
1452 2453 1511 2502 §.ta

217 2536 354 2590 Petrus.
393 2535 480 2602 Quid?
517 2537 600 2608 igitur
624 2537 644 2591 si
666 2536 752 2597 volet,
787 2536 971 2592 iusiurandum
1002 2534 1186 2590 iusiurandum
1211 2552 1266 2591 nou
1293 2545 1347 2598 cst,
1376 2546 1440 2593 uta

119 2631 213 2693 aequo
236 2620 336 2693 passim
361 2639 430 2693 iquos
454 2620 509 2676 rult
532 2621 646 2676 liberat?
726 2656 729 2662 ·

217 2704 340 2760 lulius.
377 2706 427 2761 Sed
450 2715 538 2761 tamen
559 2716 590 2762 ut
611 2707 846 2779 ingennediccnr,
880 2715 938 2761 erat
962 2705 987 2760 id
1011 2703 1091 2779 paulo
1120 2705 1228 2778 quidem
1252 2706 1441 2780 impudentius,

156 2807 248 2846 verum
272 2808 326 2845 non
350 2791 459 2864 patebat
480 2792 520 2846 via
542 2792 717 2847 commodior.
738 2793 855 2853 ¹llciude
875 2810 935 2847 eum
959 2791 1079 2847 virlebam
1104 2791 1224 2846 fratruum
1249 2799 1275 2846 ut
1300 2793 1442 2848 nerrriullo·

156 2891 214 2930 rum
238 2876 336 2930 invidia
359 2876 475 2932 concilio
499 2894 653 2949 premerer.
685 2878 796 2932 nranime
821 2877 892 2950 quod
912 2877 950 2932 sic
969 2884 1042 2931 esset
1065 2876 1208 2936 indictum,
1231 2885 1260 2930 ut
1283 2893 1337 2931 nrm
1353 2878 1443 2934 eaelu-

154 2960 247 3019 derer,
278 2961 323 3014 sed
350 2961 510 3035 suppliciter
532 2962 658 3017 imitarer
678 2980 844 3036 regarerque
866 2962 1027 3036 praesidere,
1057 2961 1115 3015 ride
1139 2978 1217 3034 aquam
1243 2960 1294 3016 iam
1320 2963 1441 3018 technam

158 3127 358 3135 *—

225 3228 265 3259 ¹¹²⁰
284 3231 445 3281 l'reterenl.
466 3231 591 3294 lienique
600 3231 795 3281 anaunia
837 3228 846 3260 ³
866 3231 930 3293 quin
943 3234 965 3279 1.
985 3231 1033 3278 sed
1050 3246 1098 3278 non
1111 3231 1200 3278 cadeso
1212 3246 1250 3296 sq.
1266 3245 1319 3279 non
1367 3230 1441 3298 quin]

157 3306 394 3366 araneantes.
446 3312 584 3363 ⁴dilicrit
603 3317 625 3365 1.
646 3313 705 3375 (non
726 3318 778 3369 10.)
826 3311 1000 3377 ⁵Na1netr.]
1026 3315 1064 3376 Cf.
1084 3314 1442 3383 Art..lpoet.XV.5.sqq.

156 3399 224 3446 Nam
238 3415 390 3463 quiunquam
405 3405 460 3448 tum
480 3395 527 3453 (tri.
536 3402 560 3448 3.
582 3404 683 3448 tamen.
697 3404 721 3452 8.
742 3407 806 3448 tunc
816 3401 866 3461 11.)
881 3416 905 3462 q.
915 3399 939 3448 d.
949 3415 968 3447 r.
978 3398 1059 3448 lcuic.
1069 3414 1112 3463 ag.
1122 3404 1249 3452 2.3.8.11.
1286 3399 1296 3430 ⁰
1316 3399 1443 3451 leviculis

157 3499 201 3546 ag.
215 3487 254 3531 15.
310 3484 810 3543 censilnas,utnuue,2.3.5.S.11.15.
864 3480 965 3546 tamen]
986 3485 1199 3532 circumeo.»
1227 3484 1443 3537 ⁶adderem¹

157 3568 279 3617 adiicere
301 3571 498 3620 2.3.5.8.!1.15.
570 3573 769 3620 tricennali.
839 3568 1186 3621 lliberasses2.3..5.8.!l.
1256 3567 1360 3634 Incola]
1384 3572 1442 3619 Aet.

157 3652 410 3716 Apelt.1.c.a.‘2tt.
442 3653 584 3712 „scribere
605 3654 640 3703 ad
659 3670 719 3714 ecs,
745 3661 773 3702 ut
795 3654 955 3702 abstineant
973 3669 1003 3701 sc
1027 3669 1043 3702 a
1062 3654 1345 3702 contaminationibus
1363 3655 1443 3704 aimu-

154 3738 290 3810 lacrornm
312 3744 339 3787 et
358 3739 542 3788 fornicatione
563 3745 590 3786 et
609 3740 752 3789 srrd'oeatis
777 3744 804 3787 et
828 3739 989 3802 sanguinea
1059 3736 1214 3802 lidolotlr.]
1239 3731 1442 3798 εἰδωλόθυτον,

157 3810 243 3871 ideliu'
257 3823 426 3872 inmolatum.
480 3824 615 3888 hodia-quc
636 3827 760 3876 2.3.8.11.
790 3824 872 3872 liodie
892 3838 996 3886 queque
1015 3825 1083 3872 515.
1143 3820 1161 3853 ¹¹
1180 3822 1270 3873 Unum
1289 3826 1356 3873 ouria.
1370 3828 1443 3877 5.15.

156 3908 193 3971 ig.
208 3907 274 3956 illud
288 3925 327 3972 sp.
342 3912 494 3959 2.3..i.8.ii.
531 3906 551 3938 ¹²
570 3910 609 3956 rei
624 3912 690 3960 1.10.
711 3911 778 3973 reip,
793 3911 920 3962 naun.
958 3905 976 3937 ¹³
990 3909 1134 3970 negocium
1144 3904 1180 3972 lp.
1190 3909 1256 3960 md.
1277 3908 1444 3959 commodum

156 3995 352 4043 2.3.5.8.11.15.
424 3993 564 4054 negotium
583 3994 607 4040 d.
621 3997 636 4041 l.
659 3998 751 4046 1.5.15.
787 3995 931 4057 negocium
951 3995 1119 4043 anatona.
1192 3992 1211 4023 ¹¹
1234 3997 1443 4044 nonl.5.10.15.

156 4081 246 4125 nect.
279 4093 312 4125 ne
329 4080 424 4129 3.8,11.
471 4076 803 4129 ¹³cssciaetirasa.3.5.
835 4094 894 4127 esse
914 4078 1044 4126 iactitare?
1062 4080 1174 4130 8.!l.15,
1222 4078 1242 4110 ¹³
1261 4075 1445 4128 scismaticum

157 4164 180 4212 1.
193 4170 218 4209 nt
236 4165 308 4211 solet.
382 4161 432 4193 Μ
452 4161 669 4211 lllrrximiliannm
693 4164 745 4222 (sie
765 4165 836 4213 enim
856 4163 968 4225 raccant)
991 4167 1023 4209 ut
1046 4168 1088 4210 est
1110 4177 1179 4212 ainus
1197 4165 1315 4213 omnium
1333 4165 1444 4213 minimo

156 4245 293 4305 difficilis,
315 4249 426 4296 tametsi
446 4237 549 4309 ltuiucu
564 4248 632 4309 M.)
652 4252 915 4310 paraenorum.
981 4246 1001 4278 ¹⁹
1019 4248 1135 4296 nuncios
1154 4252 1348 4302 ascaron.
1402 4253 1443 4298 ta·

156 4345 217 4378 nien
237 4346 291 4378 non
310 4331 435 4380 dicendis
453 4333 540 4382 modis
558 4332 593 4380 ab
613 4334 675 4381 inst.
690 4333 786 4382 sedraxi
806 4335 1003 4382 aaronem.
1027 4331 1154 4394 (subduxi
1169 4336 1267 4386 3.8.11.
1292 4331 1444 4398 [Imperato-

155 4432 206 4464 rem
223 4417 273 4465 sini
289 4433 457 4467 autecessorum
473 4420 532 4480 sore
550 4419 695 4480 promisisse
714 4420 813 4466 uidetur
822 4414 962 4482 pontifex]
999 4416 1021 4448 ²⁰
1039 4416 1232 4466 Cardinolibus
1245 4420 1443 4471 uenenato.

155 4499 176 4532 ²¹
195 4516 299 4550 rursum
319 4504 474 4552 ondam.
530 4518 563 4551 ac
582 4502 709 4562 testibus,
730 4504 925 4554 2.3.5.8.11.15.
984 4503 1114 4567 negarint
1133 4505 1205 4552 215.
1236 4506 1444 4565 negaruntm.

156 4593 291 4649 negarent
305 4589 444 4637 aaroni.
492 4585 513 4617 ²⁴
532 4588 618 4637 violet
631 4592 671 4640 15.
719 4587 905 4636 iusiurandum
923 4591 1110 4636 semettnnnuu
1128 4587 1219 4636 debent
1239 4590 1305 4638 1.10.
1352 4585 1445 4652 ²⁶qui-

156 4670 217 4719 dean
236 4671 317 4735 poulo
338 4675 506 4722 teodure.
537 4673 564 4721 id
584 4678 645 4722 erut
663 4671 744 4738 pauido
764 4671 871 4736 quidem
889 4675 913 4721 5.
988 4671 1058 4721 ”ut
1077 4672 1148 4737 apud
1171 4670 1315 4721 nonnullos
1339 4672 1445 4723 inuidia

157 4753 275 4804 concilii
294 4759 489 4806 acaunus.
