3276 5414
92 408 241 477 [tnc.son1]
256 426 446 460 Ptttttttttttts
461 426 755 462 ctv.va·ot³.tttntouvs
770 426 804 460 DE
818 425 1028 460 Facvn'rnutnt's
1043 424 1254 458 RottAttttttsttn.
1309 392 1349 464 51
1368 394 1377 463 Ι

10 570 18 609 ⁸
90 603 196 641 sirinano
219 585 342 659 pontilici
366 592 431 640 sunt
453 574 582 646 subiecti,¹
606 584 709 658 quique
733 583 809 640 nullu
834 583 934 640 indicio
957 581 1097 639 molestari
1120 600 1199 656 ‹qtiaiu
1222 581 1383 656 apostolico.

90 671 164 744 quod
187 670 279 725 Romae
302 679 358 730 est.
382 678 506 742 possunt.

150 754 247 810 Puer.
285 754 378 809 li'ouue
408 771 464 809 rem
492 772 541 809 acu
571 753 670 826 tetigi?
703 754 730 807 lii
762 761 826 808 suut
856 754 903 825 iqui
932 754 1042 826 impune
1065 751 1133 807 mala
1156 751 1272 825 plurima
1296 752 1384 828 iacere

10 836 13 870 ²
89 848 218 912 possunt:
242 839 304 912 qid.
329 856 388 893 curu
405 837 546 894 carlutnuiis
563 855 655 894 omnes
679 847 788 898 vexant.
813 838 864 910 ipsi
889 838 915 892 iu
940 846 999 892 tuto
1023 835 1149 894 collocati
1172 845 1200 892 et
1221 836 1272 891 suli
1295 838 1384 911 ponti·

62 922 157 979 alteiis
181 924 231 979 alis
255 924 342 978 venari
366 940 481 997 promus
504 940 560 979 nou
583 931 713 995 passuum
742 922 844 995 quique
872 939 922 995 pet·
951 922 1116 995 imposturas
1139 939 1169 976 ac
1191 921 1384 995 sycophantias

88 1007 176 1063 multo
199 1016 341 1064 contracto
372 1006 461 1063 alieno
489 1025 544 1064 cere
573 1006 754 1063 creditoribus
782 1006 893 1079 egregie
925 1007 1083 1080 imponunt,
1112 1007 1267 1079 excogitato
1295 1007 1328 1062 ad
1358 1007 1383 1063 id

89 1094 237 1148 ctiaumum
260 1093 383 1148 artificio.

153 1178 315 1250 Legatus.
352 1178 480 1233 lloctorcs
503 1176 583 1232 etiarn
607 1177 685 1232 lucio.
1384 1189 1451 1238 §.tta

153 1263 250 1318 Puer.
289 1262 344 1317 luto
367 1262 485 1317 (totores.

54 1360 80 1401 tu
155 1346 282 1402 llennn.
320 1347 345 1402 ld
375 1356 470 1402 noster
497 1355 591 1420 pastor
620 1344 700 1401 vellet
723 1353 799 1401 certo
829 1345 902 1412 scio,
935 1345 1046 1401 doctum
1074 1346 1145 1402 enim
1173 1363 1236 1402 euru
1265 1346 1384 1402 iudicant

91 1448 198 1494 omnes,
220 1433 348 1505 quoniam
365 1441 439 1487 totus
456 1431 541 1505 ipsius
557 1447 647 1487 serino
664 1431 776 1486 latinns
791 1439 847 1494 cst;
872 1430 935 1487 huic
952 1430 1075 1487 indicabo
1092 1431 1277 1505 hortaliurque
1293 1432 1383 1488 etiam.

153 1511 250 1572 l’u'er.
288 1516 320 1572 Et
342 1517 501 1589 sapientiam
524 1524 551 1572 et
572 1515 724 1572 doctrinam
747 1516 843 1571 aniciis?

152 1602 312 1675 legatus.
351 1600 437 1668 Quium
459 1601 510 1656 nisi
534 1601 611 1675 prius
635 1599 795 1661 habuerint,
819 1616 870 1673 ego
893 1602 1020 1674 proiecto
1041 1600 1106 1657 dare
1129 1618 1183 1658 uon
1206 1618 1332 1675 possum.
1357 1600 1381 1657 id

90 1686 162 1761 quod
186 1703 235 1743 nec
258 1687 285 1741 in
308 1685 480 1759 generalibus
503 1686 584 1741 etiam
607 1685 705 1759 cuique
728 1685 824 1741 studiis
848 1685 944 1747 datur.
970 1685 1015 1741 cni
1039 1686 1158 1742 risleutus
1181 1685 1281 1760 passim
1306 1687 1382 1742 indo·

57 1771 227 1826 sactissimus
249 1771 329 1826 etiam
354 1771 483 1826 lacrimari
506 1769 588 1825 rulno
612 1769 683 1843 pileo
707 1770 854 1825 tuorioues.
899 1770 975 1837 datu
1006 1770 1027 1825 si
1059 1770 1123 1825 milii
1152 1779 1276 1843 potestas
1305 1780 1454 1830 essctttta.

92 1856 172 1912 dandi
201 1855 327 1930 spiritum
356 1856 525 1927 linguarum,
559 1855 686 1928 spiritum
715 1854 835 1911 scientim
859 1863 886 1910 et
909 1854 1064 1928 sapientiae,
1094 1856 1209 1911 lacerem
1232 1855 1296 1911 mint
1320 1873 1384 1929 piro·

91 1942 162 1998 lecto
185 1941 296 2013 egregio
320 1958 410 2014 «spaerae
433 1940 569 2014 pretium?

56 2032 65 2050 ³
153 2026 250 2081 Pater.
289 2026 388 2081 tlredo:
417 2024 523 2098 aliquos
554 2041 605 2097 ego
635 2025 729 2086 etiam,
759 2042 847 2098 nuper
875 2025 957 2080 lloma
987 2025 1146 2086 redeuutes.
1176 2025 1304 2081 doctores
1333 2025 1384 2081 ridi

90 2112 190 2172 laetos.
214 2119 241 2165 ct
263 2112 399 2166 attasare
422 2126 541 2183 quoque,
566 2109 611 2182 qui
635 2127 723 2182 neque
747 2107 866 2182 linguam
882 2109 996 2171 liabent,
1022 2127 1108 2183 aeque
1124 2110 1272 2170 seientiam.
1296 2127 1384 2183 neque

54 2197 264 2270 aosapicutiam;
294 2196 347 2252 imo
371 2213 440 2268 qnos
463 2194 539 2249 aiunt
561 2194 602 2248 vix
626 2196 712 2269 prima
735 2194 874 2250 literarum
899 2202 991 2250 tertiare
1013 2193 1160 2256 elementa,
1189 2194 1383 2269 aualplialietos

90 2280 223 2337 videlicet.
269 2280 314 2336 tsi
337 2289 364 2335 et
389 2278 432 2334 illa
456 2296 565 2352 quoque
589 2297 633 2334 ars
656 2279 806 2335 inescaudm
828 2279 964 2352 pecuniae,
989 2279 1125 2336 honorare
1148 2279 1267 2335 stultos?

154 2367 309 2437 legatus.
347 2365 466 2420 Comites
488 2364 568 2419 etiam
591 2363 728 2420 Palatinos
751 2373 778 2419 et
801 2365 933 2420 notarios.
1384 2371 1453 2423 ΜΝ.

89 2462 94 2471 ·
155 2451 247 2505 Puer.
285 2449 322 2505 lta
346 2468 386 2505 nae
409 2450 476 2505 deus
499 2457 584 2510 arctet,
614 2448 712 2504 mtdtas
742 2457 769 2504 tu
797 2458 905 2505 creator
936 2448 1039 2505 similes
1064 2449 1112 2505 tibi
1134 2459 1274 2506 creaturas
1297 2450 1385 2518 lacere

91 2544 184 2611 potes,
208 2534 323 2590 etiamne
346 2533 511 2607 vespillones
533 2541 561 2589 et
584 2533 755 2590 Cardinales?
784 2552 787 2557 ·

55 2640 81 2679 aa
143 2620 284 2683 ‘llenuo
321 2618 420 2686 Quales
449 2626 513 2673 sunt
542 2618 580 2673 illi
608 2620 722 2674 comites
753 2618 885 2674 Palatini?
915 2619 1076 2694 prinecpsnc
1106 2619 1151 2674 illc
1180 2619 1283 2676 elector
1312 2637 1385 2675 mor·

92 2715 154 2761 tuus
177 2713 219 2760 est
241 2722 302 2759 cum
325 2703 473 2759 tratribus?
497 2703 542 2758 illc
567 2711 593 2759 te
615 2705 695 2760 deum
718 2704 799 2760 faciet
821 2704 960 2779 proiecto,
984 2704 1136 2780 cuicunque
1160 2704 1235 2760 illum
1259 2714 1312 2760 tam
1336 2723 1400 2778 po·>

91 2798 193 2847 tentem
216 2789 398 2864 principatum
420 2789 536 2845 dederis.
1018 2835 1025 2848 .

155 2876 318 2947 Legatus.
356 2874 415 2930 lion
439 2872 584 2947 intelligis.
610 2874 726 2947 iusignia
751 2874 804 2930 illis
829 2882 932 2931 tantum
957 2875 1034 2931 trado
1057 2893 1208 2938 acutorum,
1237 2884 1264 2930 et
1286 2874 1385 2930 nerbili-

91 2968 188 3022 tatem‚
217 2960 324 3014 divitias
353 2959 423 3015 undo
452 2959 637 3032 adipiscantur
658 2960 710 3033 ipsi
739 2960 868 3025 riclerint;
897 2978 964 3034 quas
994 2969 1084 3016 tamen
1112 2961 1134 3014 si
1164 2957 1326 3021 lialnierint,'
1353 2960 1385 3014 ad

58 3045 156 3104 sonita·
179 3044 351 3119 splendorem
375 3051 404 3099 ut
428 3052 539 3099 utantur
561 3045 706 3117 perniitto;
735 3054 763 3100 et
791 3046 813 3100 si
837 3046 899 3118 eqni
922 3047 962 3101 eis
985 3054 1094 3108 assunt,
1125 3045 1248 3119 equitent
1271 3044 1386 3101 iaetdtas

93 3139 148 3190 est.
172 3130 194 3184 si
217 3146 271 3184 non
295 3129 426 3191 lialieant,
450 3128 564 3203 pedibus
588 3129 651 3185 licet
674 3130 870 3203 ingrediantur.

157 3214 283 3269 lleuno.
322 3214 378 3270 lloc
400 3214 481 3270 ctiam
504 3214 568 3270 attilii
591 3214 763 3288 privilegium
786 3215 876 3270 slattuu
900 3223 950 3277 est.
973 3223 1055 3288 atquc
1070 3215 1137 3271 adeo
1161 3223 1287 3288 potestne
1309 3214 1455 3275 aliosiatt.

94 3299 225 3372 quispiam
249 3298 395 3355 nobilitare
420 3299 477 3373 ipse
500 3298 629 3371 igitoliilis
652 3307 680 3354 et
702 3299 835 3355 oliscurus
844 3303 855 3353 t
883 3299 1055 3355 Noliilitatem
1085 3298 1149 3356 olim
1172 3300 1273 3355 virtute
1295 3299 1385 3373 parati

93 3383 198 3446 audin,
220 3384 287 3440 bene
310 3385 401 3445 lactis,
426 3384 586 3440 sortitmline
610 3382 719 3444 laellica;
743 3401 808 3440 eauc
831 3384 912 3439 modo
935 3384 1036 3440 cuntur
1057 3385 1191 3458 pecunia?

58 3487 84 3525 as
157 3469 316 3542 Legatus.
354 3470 391 3525 lta
415 3469 495 3526 itiodo
518 3478 583 3524 siun
606 3476 736 3541 tempora.
812 3498 817 3504 ·

156 3555 281 3610 llerauo.
319 3554 374 3611 lloc
398 3555 472 3616 scio,
496 3554 629 3629 plurimus
653 3563 708 3609 tum
729 3545 840 3608 laturos
863 3553 911 3625 qui
933 3570 991 3609 eam
1007 3552 1059 3608 sibi
1074 3553 1280 3628 comparabunt,
1304 3553 1385 3609 ctiam

92 3639 114 3693 si
139 3639 207 3694 same
231 3640 259 3694 se
282 3639 421 3712 periturus
444 3641 530 3696 sciant
553 3657 627 3700 csse,
658 3638 724 3694 adeo
753 3654 834 3711 grave
858 3655 928 3694 osius
950 3646 1075 3693 estesse
1098 3640 1245 3694 rusticum:
1277 3637 1320 3694 hic
1344 3647 1382 3699 tu,

46 3794 49 3803 Ι
92 3724 252 3786 odominc‚
283 3724 364 3780 iacies
387 3725 599 3798 operaeprecium
623 3725 689 3780 satis
711 3723 830 3797 copiose.
875 3722 972 3778 Verum
996 3722 1062 3778 illud
1086 3740 1183 3779 moneo
1206 3724 1453 3782 sanc-enatemus.

93 3818 180 3871 titana.
205 3826 238 3864 ne
261 3797 331 3882 apud
354 3826 405 3864 taus
428 3810 550 3866 notarios
573 3827 657 3866 crees.

58 3910 83 3949 to
156 3895 316 3967 legatus.
353 3894 403 3961 tud
428 3895 473 3949 id‘!

156 3979 278 4035 lleuno.
316 3978 474 4053 Quicunque
496 3981 567 4036 ernian
590 3980 622 4035 ad
652 3997 701 4036 iios
731 3979 852 4041 venient,
881 3988 977 4054 captos
1005 3996 1139 4054 saccoque
1168 3978 1287 4035 inclusos
1316 3994 1385 4054 aqus

93 4065 247 4137 mergimus.

157 4150 320 4223 legatus.
358 4149 484 4205 Notarius
507 4149 692 4223 apostolicos?

157 4233 284 4290 llenno.
323 4234 349 4290 ld
378 4243 472 4291 nostra
501 4251 555 4313 aqu
584 4234 700 4297 celeret,
729 4252 777 4290 serr
808 4233 915 4307 legatici
939 4252 987 4290 seu
1010 4233 1154 4309 apostolici
1178 4234 1246 4295 sint.
1276 4241 1388 4308 pereant
1453 4248 1457 4261 ·

58 4335 83 4374 aa
95 4336 204 4376 successe
227 4328 277 4374 est.

10 746 15 769 l

160 4506 170 4535 ⁶
188 4503 349 4554 Doctores·
412 4502 434 4536 ¹⁴
452 4501 661 4569 ingenernlibus
680 4504 703 4551 1.
723 4519 781 4568 quic
799 4518 863 4553 arene
881 4503 1079 4553 universitates
1097 4502 1254 4553 litterarum
1272 4505 1389 4568 appella·

93 4603 152 4636 raus.
206 4587 343 4653 videmus]
363 4591 502 4639 eumanum.
554 4585 577 4619 ¹²
595 4587 717 4636 Comites
736 4588 884 4638 Palatini·
936 4584 959 4618 ¹⁵
977 4584 1158 4652 l‘rinccpsne]
1178 4587 1336 4637 laudunicus
1354 4587 1387 4638 V.

93 4673 222 4737 princeps
237 4672 343 4723 elector
354 4673 510 4736 Palatinus,
529 4672 656 4733 Sickingi
669 4671 758 4721 liostis
771 4678 800 4722 et
812 4673 885 4723 tanin.
899 4671 1078 4733 Heidelberg,
1093 4672 1265 4722 reformator.
1280 4673 1298 4734 †
1315 4672 1387 4722 tato.

94 4756 209 4821 Lepidus
228 4758 361 4807 liennom's
378 4773 464 4808 error.
516 4755 538 4787 ¹³
557 4754 631 4821 olim]
652 4757 724 4806 enirn
745 4761 772 4807 ³:
824 4772 924 4822 parare
944 4760 1002 4807 m,
1066 4753 1089 4789 ⁴²
1106 4759 1123 4806 ι’.
1138 4772 1160 4807 e.
1174 4772 1338 4824 mergamus.
1425 4747 1436 4765 ‘
