3276 5414
388 383 613 452 [rracrucrreer]
650 402 748 438 recrea
768 401 938 454 ocoocurro.
975 376 1056 451 (raro.)
1294 373 1368 446 509

10 573 20 613 ι
150 561 276 618 Eecius.
314 562 367 617 Cur
389 561 458 616 ital
1379 569 1437 619 tao.

10 660 19 700 ι
150 648 246 702 Puer.
283 648 336 701 Cur
358 647 413 700 ita?
436 645 498 720 qnia
522 661 615 702 omens
638 645 885 719 tegisersabentur,
909 665 939 703 ao
960 647 1104 704 confestim
1127 647 1158 702 arl
1182 664 1277 702 nomen
1294 656 1369 703 1ιιιιιιι

10 750 18 789 ι
87 732 165 805 quasi
187 748 286 787 nausea
314 731 414 804 corripi
444 729 618 792 ridebantur,
653 731 713 787 ideo
742 747 792 787 uec
818 732 920 805 oramlo
950 749 998 789 nee
1027 731 1193 789 obsecrando
1222 732 1285 806 qniil
1314 731 1371 819 elli·

10 837 14 865 ι
86 833 149 874 cere
171 816 257 889 potui

10 926 16 961 ι
58 917 74 956 a
151 901 283 957 Eecius.
320 901 353 973 01
376 901 439 974 qnirl
462 892 684 989 praetendebant?

150 986 246 1041 Puer.
282 961 358 1041 Alius
380 984 467 1046 aliml,
491 1002 584 1041 omncs
608 982 695 1040 tamen
718 995 845 1059 quassato
867 986 955 1060 capite
979 986 1074 1043 tritum
1096 985 1163 1043 illud
1183 984 1371 1055 ‹lecantabann

87 1058 133 1126 ότι
155 1060 246 1124 πάλαι
267 1057 328 1125 ποτ’
352 1084 428 1140 ησαν
450 1058 569 1142 eloquor
593 1059 749 1141 Μιλήσιοι.

153 1154 281 1215 Eoeius
319 1152 398 1216 Φεῦ,
429 1163 455 1210 et
485 1155 535 1209 boe
559 1163 702 1228 postquem
732 1172 763 1210 ex
790 1154 894 1263 lipsica
915 1156 1100 1231 disputatione
1122 1154 1271 1230 gloriosior
1293 1174 1373 1233 quam

87 1258 205 1314 unquam
229 1240 372 1297 redierim?
872 1293 873 1296 ,

52 1339 80 1378 ιιι
134 1326 247 1381 ·.Puer
284 1324 435 1383 Gloriosior
457 1341 489 1380 an
513 1324 648 1386 oiliosior,
673 1332 729 1380 tute
753 1325 859 1380 sileris,

152 1411 283 1466 Eoeiirs.
320 1410 446 1471 Pessimis
469 1410 553 1481 igitur·
574 1409 740 1483 ilespieatum
764 1428 805 1465 me
829 1409 914 1465 modis
936 1411 1054 1467 asseris?
1382 1421 1439 1470 111.

49 1558 64 1579 ⁸
152 1496 247 1551 Puer.
284 1494 414 1552 briolare.
457 1492 465 1499 ’

153 1579 281 1637 liceius.
319 1580 370 1635 Seri
393 1597 447 1635 uon
470 1579 578 1653 impune
602 1578 704 1640 ferent,
735 1580 806 1652 quoil
837 1598 877 1635 me
906 1579 1018 1637 subdola
1047 1581 1099 1637 buc
1128 1598 1214 1655 usqne
1237 1579 1373 1638 lactarunt

88 1646 219 1726 amicitia.
243 1681 314 1722 nunc
335 1682 399 1721 vero
421 1664 492 1720 lurlis
515 1663 652 1720 ludificant
674 1663 895 1727 lurlibeabilibus
918 1682 978 1720 cum
1001 1665 1182 1739 presentibus
1205 1673 1293 1723 tamen
1316 1685 1372 1724 rem

58 1759 211 1806 innostram
235 1768 359 1824 agemus;
388 1751 434 1825 secl
456 1749 532 1823 prius
554 1749 727 1811 cantharum,
751 1757 779 1805 nt
803 1758 866 1823 post
889 1764 1012 1844 somnum
1035 1750 1129 1808 ocrrlos
1152 1749 1265 1807 abluam.

153 1835 250 1890 Puer.
286 1819 421 1897 Palatum
445 1845 474 1891 ut
497 1834 610 1891 videtur.

155 1919 286 1976 Eccius.
324 1919 344 1975 0
367 1919 553 1976 suavissimum
576 1935 702 1975 curarum
724 1917 861 1975 levamen!
885 1918 1003 1982 Seliete,
1028 1919 1113 1981 amici.
1383 1931 1402 1980 ι.
1412 1933 1440 1976 ιι.

97 1996 265 2061 Amici.
303 2005 336 2060 Et
357 2013 388 2061 to
411 2021 520 2078 quoqne
542 2003 631 2077 salros
654 2005 706 2066 sis,
730 2004 860 2077 magister
882 2013 990 2069 noster:
1014 2012 1044 2061 ut
1067 2004 1176 2061 111011

154 2086 286 2146 florius.
324 2089 357 2144 Ut
379 2090 503 2151 cernitis.
527 2089 578 2144 nisi
602 2088 674 2144 euim
696 2088 817 2145 canthari
840 2089 920 2145 buius
943 2089 1064 2147 subsidio
1088 2096 1225 2146 recreatus
1254 2089 1373 2151 fuissem,

57 2174 144 2229 roiam
168 2174 270 2248 priilem
294 2175 320 2229 in
343 2174 403 2230 Orci
426 2191 635 2230 connurnerorer
657 2173 769 2236 familia.
800 2181 841 2229 tot
863 2182 1004 2247 tantasque
1026 2192 1158 2231 rerurnnas
1180 2174 1268 2247 erigo.

155 2259 271 2315 Amici.
308 2259 393 2321 Prole,
417 2268 517 2332 quauta
540 2259 647 2314 bomani
670 2259 778 2331 generis
802 2259 920 2322 iactura;
944 2260 1016 2333 quoii
1039 2259 1061 2314 si
1085 2278 1128 2315 res
1152 2278 1183 2316 er
1200 2268 1295 2328 nostro
1312 2278 1375 2335 pro·

90 2343 368 2405 celeretarbitrato‚
402 2343 580 2416 iampridem
604 2342 681 2402 beate
703 2343 831 2416 «legeres.
865 2361 914 2400 nec
944 2345 1086 2419 quicquam
1118 2344 1144 2400 in
1174 2345 1301 2417 presenti
1326 2345 1374 2401 tibi

91 2427 197 2485 doleret
219 2429 319 2485 seculo.

156 2512 284 2570 Eecius
321 2512 480 2588 Oeapitula
504 2480 681 2587 lepiilissima,
714 2530 792 2587 quam
816 2513 969 2569 amicabiles
992 2515 1139 2571 amicorum
1163 2516 1229 2571 ostis
1252 2515 1338 2572 amici
1385 2526 1444 2576 tta.
1527 2539 1532 2548 ·

57 2608 83 2645 ‘1⁵
156 2598 272 2654 Amici
309 2598 353 2655 Sic
373 2598 501 2655 solemus.

154 2682 283 2740 Eeeius
320 2687 354 2739 nt
376 2701 446 2739 nnnc
466 2701 513 2741 vos
537 2684 673 2745 ailvocari,
707 2684 745 2739 uti
770 2684 796 2739 iu
827 2684 941 2740 ruerlium
970 2684 1134 2750 consulatis:
1169 2686 1278 2759 quantis
1306 2672 1377 2741 enim

90 2769 289 2825 circumventus
310 2768 360 2824 sim
383 2767 516 2831 miseriis,
540 2764 703 2843 quantisque
726 2786 874 2843 oppressus
897 2769 1107 2832 calamitatibus,
1139 2770 1297 2866 vosmetipsi
1320 2788 1378 2827 eer-

92 2853 171 2916 uitis;
205 2871 260 2926 quo
282 2862 362 2927 paeto
384 2853 522 2926 igiturex
545 2853 720 2920 incommodis
742 2854 803 2909 istis
832 2872 874 2912 me
902 2854 1042 2917 extricari.
1076 2855 1262 2930 imprimisque
1290 2855 1379 2912 dirum

88 2956 148 3012 ¹quo
168 2931 308 3011 ¹decoquor
331 2938 483 2995 incendium
505 2939 663 3013 extinguere
687 2937 789 2995 valeam
811 2939 937 3002 eilocete.
961 2958 994 2996 ue
1018 2939 1079 2996 talis
1102 2949 1249 3015 tantosque
1271 2957 1379 3015 peream

58 3023 204 3084 toartilex.
227 3041 258 3079 ac
280 3023 356 3079 vobis
378 3023 546 3079 amicissimis
570 3023 636 3079 ineis
664 3022 786 3079 dolorem
817 3022 1019 3081 acerbissimum
1047 3043 1077 3082 ac
1104 3025 1298 3099 sempiternum
1327 3026 1378 3082 mei

92 3107 242 3181 relinquam
263 3108 434 3164 ilesirlerinm.

156 3194 249 3249 Puer.
287 3193 449 3249 Cantharam
472 3193 570 3266 fugito.
1388 3201 1445 3252 §.rc

157 3277 287 3335 Eecius.
325 3277 455 3346 Quilnam
478 3276 628 3334 trifurcifer
651 3274 800 3351 obgannitf

156 3363 256 3419 Puer.
294 3362 349 3424 Nil,
374 3363 453 3426 bere;
475 3363 632 3419 cantharum
656 3361 817 3436 qurerchom.

60 3457 85 3496 33
157 3447 276 3504 Amici.
314 3449 349 3504 m
370 3448 434 3522 quid
457 3447 544 3509 aliud,
569 3464 649 3521 quarn
670 3463 725 3503 nou
749 3464 813 3509 nos,
837 3447 883 3503 serf
907 3448 1025 3504 merlicos
1047 3447 1182 3505 consulas.

156 3531 286 3589 Eccins.
326 3528 377 3600 Τίς
399 3518 458 3603 δῆτ’
483 3523 581 3606 ἰατρός
601 3523 680 3586 ἐστιν
708 3523 740 3586 ἐν
768 3548 804 3609 τῃ
834 3521 932 3595 melre:
966 3520 1102 3606 quamvis
1120 3533 1189 3588 eninr
1220 3540 1379 3590 cunctorum

93 3616 243 3691 perieulum
267 3617 331 3679 feci.
355 3619 441 3690 magis
464 3627 552 3673 tamen
576 3615 684 3673 illorum
708 3616 796 3674 obfuit
819 3634 897 3690 quam
921 3617 1026 3691 profuit
1049 3634 1140 3692 opera.

156 3703 256 3758 l’uer.
293 3700 357 3759 illus
381 3710 469 3759 tamen
491 3702 636 3760 cantharus
659 3700 755 3757 obfuit.

157 3787 286 3843 Eecius.
324 3786 392 3854 nunt
415 3786 532 3843 oblatrat
554 3784 748 3861 propudium?-

62 3878 87 3917 13
160 3872 255 3930 Puer.
292 3872 456 3934 Cantharus,
481 3873 602 3946 inquom,
626 3871 738 3946 profuit.

158 3956 288 4014 florius.
325 3956 418 4013 Solum
440 3957 492 4013 hoc
514 3965 600 4018 reete.
626 3974 685 4012 nam
709 3956 782 4030 quoil
805 3956 895 4031 spiro.
919 3955 1047 4033 qnorlquo
1070 3954 1143 4012 rituli
1161 3956 1289 4029 perfruor
1304 3965 1445 4018 aureolo.

96 4058 150 4097 non
173 4041 297 4104 inedicis.
321 4041 368 4097 sed
391 4040 442 4097 soli
465 4041 594 4098 cantharo
617 4050 756 4115 acceptum
778 4041 877 4097 refero.

159 4126 274 4183 Amici.
312 4126 429 4200 Egregie
452 4143 481 4181 es
504 4143 569 4181 usus
591 4126 711 4186 medico.
734 4127 781 4182 seri
804 4143 864 4182 cum
887 4124 974 4181 nostri
998 4125 1064 4182 adeo
1088 4125 1135 4182 tibi
1152 4126 1277 4188 sordent.
1302 4125 1380 4183 facile

95 4211 148 4267 erit
169 4211 277 4267 aliumle
300 4211 446 4286 peritiores
476 4210 624 4273 accersire,
659 4211 711 4266 vin'
740 4210 823 4283 igitur
844 4211 876 4266 ael
899 4209 1136 4285 Saltzhurgensem
1164 4211 1302 4268 mittamus
1331 4213 1380 4267 ltr-

95 4324 293 4337 ——n—

163 4393 257 4458 ²quin
273 4397 297 4444 4.
366 4392 612 4457 'Quoniemoolim
636 4393 742 4443 strenui
766 4396 846 4442 erant
867 4392 978 4443 Milesii.
1004 4393 1063 4443 edel.
1081 4394 1117 4443 ruf
1132 4410 1211 4459 marg.
1242 4393 1380 4461 Aristoph.

95 4477 489 4544 rtur.1003.toto.(ne·1is
512 4479 558 4543 qui
587 4495 603 4528 a
626 4477 763 4543 prioribus
791 4477 911 4528 moribus
940 4477 1092 4529 fortuniose
1121 4477 1380 4544 degeneraverunt)

95 4562 267 4629 ⁸postquam
285 4567 355 4615 omis.
370 4565 393 4636 1.
401 4569 425 4616 4.
468 4563 487 4596 ¹¹
508 4564 551 4614 Cf.
564 4561 655 4614 Pleut.
669 4563 732 4643 Ceo
747 4561 782 4613 tt.
793 4563 816 4619 2.
827 4573 857 4614 ta
899 4559 1328 4628 ¹⁴tudtcf.ttrn.1v.l‚r.¹·
1345 4578 1380 4615 ne

97 4647 157 4714 leb]
178 4647 267 4714 qualis
286 4654 337 4699 art.
350 4666 376 4715 p.
391 4650 470 4700 nero.
486 4648 565 4699 Suet.
578 4649 640 4699 Ner.
654 4647 697 4699 20.
749 4647 772 4680 ³⁰
789 4648 825 4697 nt
843 4649 904 4714 quis
923 4649 977 4698 iem
996 4648 1024 4697 in
1043 4648 1159 4698 civitate
1178 4648 1300 4700 medicus
1321 4651 1380 4700 cst?

96 4736 155 4787 edd.
174 4737 291 4799 rumore
310 4731 606 4800 Aristopu.1>tut.4or.
658 4729 681 4764 ⁴⁴
698 4731 926 4800 salzburgensem
944 4732 1042 4784 naeth.
1061 4733 1167 4800 Lange.
