3276 5414
267 376 340 449 348
438 392 529 444 vlltt.
598 407 725 443 rroarron
743 407 855 444 ananus.
925 408 1065 445 oraeoovs
1085 409 1274 446 arrrenrevs.
1308 394 1403 461 (1⁵20.)

330 585 481 626 nostroe.
520 563 663 641 Equidem
686 562 824 623 arbitror.

197 673 256 725 Μ.
328 686 501 728 manners.
540 667 626 744 dtqoi
648 666 717 726 satis
739 666 795 725 erit
817 684 908 734 rantis,
933 674 965 726 ut
987 666 1164 744 respoudeat
1185 684 1241 744 pro
1265 673 1311 727 tot
1336 666 1488 729 milibus?
1515 686 1577 729 nan

265 775 293 829 et
315 786 370 846 pro
393 767 456 828 aliis
478 786 566 845 agere
589 767 666 828 idem
688 766 729 827 iili
744 785 872 828 *neceam
895 768 965 837 erit,
999 766 1105 846 quibus
1128 767 1230 828 eadem
1260 767 1436 849 aliquando
1467 768 1575 848 poilici-

264 876 311 930 tus
334 876 386 931 est.

264 968 507 1050 {gfflft'ffssffiltatfflt
566 990 716 1032 nosrroa.
750 969 852 1049 Neque
875 989 934 1031 non
958 969 1058 1041 faciet,
1081 988 1142 1030 uno
1164 972 1304 1050 quopiam
1323 972 1460 1033 verbulo
1477 988 1594 1034 omnes⁵

264 1070 401 1133 liberans.

328 1193 501 1236 nvrueuvs.
541 1174 634 1246 Quam
657 1171 748 1234 nudta
771 1175 861 1250 igitur
884 1173 992 1234 trustra
1009 1173 1151 1252 loquutus
1166 1180 1210 1235 est
1225 1174 1378 1247 Christus,
1407 1183 1455 1238 tot
1470 1178 1573 1239 doetis-

265 1277 331 1337 simi
354 1284 382 1335 et
404 1275 577 1337 sanctissimi
600 1275 734 1336 homines
756 1275 846 1336 literis
868 1275 1060 1346 mandarunt,
1083 1276 1106 1334 si
1130 1294 1220 1336 turum
1242 1277 1322 1337 istud
1345 1278 1518 1358 quodquod
1533 1287 1572 1340 est

265 1394 352 1432 mne.
374 1392 383 1462 Ι
405 1376 559 1438 verbulum
582 1375 696 1439 solvere
719 1358 836 1437 omnem
859 1376 935 1437 ralet
956 1396 1110 1455 scrupum,
1141 1395 1229 1437 ornne
1256 1377 1425 1440 discrimen
1459 1380 1570 1441 toliere.

197 1490 358 1556 §.sequare
385 1486 429 1538 tot
456 1478 703 1558 praeceptionibus
730 1479 799 1558 quid
829 1485 965 1540 tenemur
998 1480 1148 1558 occupati,
1183 1481 1207 1538 si
1241 1497 1326 1539 mens
1357 1479 1475 1542 Christi
1508 1483 1597 1547 roien

264 1596 356 1640 unum
384 1583 551 1659 quempiam
579 1588 645 1659 post
672 1599 703 1640 se
732 1581 872 1640 ricarium
900 1579 1084 1658 relinquere,
1119 1599 1135 1640 a
1171 1598 1229 1659 quo
1264 1581 1403 1658 pendere
1436 1586 1568 1645 omnium

265 1679 341 1742 iacta
363 1684 517 1760 oporteat?
540 1691 572 1743 ut
594 1682 841 1762 quemadmodum
863 1683 900 1742 de
921 1681 1073 1743 Paracleto
1096 1681 1165 1743 oiim
1189 1683 1260 1742 dixit
1284 1681 1346 1743 ‘iiie
1371 1704 1429 1745 ros
1454 1686 1569 1747 docebit

259 1784 381 1854 omnia',
410 1785 452 1845 sic
475 1785 511 1845 de
533 1785 641 1845 vicario
663 1784 713 1845 iiio
736 1784 834 1845 dicere
857 1802 925 1844 enm
948 1786 1113 1863 oportuerit
1135 1787 1163 1844 in
1186 1783 1289 1844 caium
1314 1787 1568 1848 conscendentem

266 1884 326 1945 ‘lite
354 1892 450 1946 restra
477 1893 560 1965 reget
589 1887 703 1955 omnia,
737 1887 787 1964 qui
817 1886 896 1964 quod
926 1885 1038 1946 iubebit
1066 1886 1169 1955 tacite,
1203 1886 1282 1965 quod
1313 1886 1429 1947 rotabit
1460 1888 1566 1967 iurgite’.

264 1986 352 2047 Vides
374 1988 442 2067 qnid
465 1988 615 2068 sequaris?
1575 2007 1593 2045 ¹⁵

328 2110 477 2151 nourroa.
516 2091 672 2157 Errorem,
696 2097 728 2150 nt
749 2096 780 2150 tn
804 2089 965 2159 existimas3
995 2089 1047 2150 sed
1071 2089 1128 2149 troo
1150 2087 1197 2150 iile
1220 2090 1333 2150 viderit..

329 2212 500 2253 avraeuvs.
538 2192 601 2252 lmo
623 2201 654 2252 tn
678 2192 798 2261 rideris,
822 2209 889 2251 nam
911 2190 964 2250 tibi
986 2190 1113 2252 ludetur.

197 2306 257 2356 aar.
331 2312 480 2353 nomana.
519 2292 595 2354 Nihil
627 2312 762 2354 moveor:
796 2311 864 2353 nam
893 2298 1037 2371 praeterea
1066 2292 1148 2352 vaide
1176 2292 1287 2353 arridet
1313 2292 1387 2353 mitri
1413 2296 1564 2373 negotium

265 2388 443 2478 minii&
467 2399 474 2470 Ι
497 2394 660 2456 istiusmodi
682 2396 910 2474 Episcoporum,
945 2400 974 2454 et
996 2393 1190 2455 honorificum
1213 2394 1328 2455 videtur
1356 2413 1425 2456 esse
1449 2396 1565 2457 Christo

265 2512 350 2555 suum
375 2496 514 2556 ricarium
537 2496 579 2557 sic
602 2498 714 2567 vestiri,
737 2498 779 2557 sie
802 2498 893 2575 cingi,
917 2497 959 2556 sic
981 2497 1093 2565 ornari,
1117 2497 1158 2555 sio
1181 2495 1303 2556 aiiiuere
1325 2484 1436 2557 utitatis
1459 2506 1489 2559 et
1512 2515 1592 2576 pon

265 2596 354 2656 tentia
377 2596 532 2676 praeditum
556 2617 628 2659 osse.
668 2600 718 2678 qni
741 2597 890 2678 quomodo
913 2598 970 2658 dici
986 2605 1085 2675 posset
1100 2596 1248 2658 Christum
1271 2615 1330 2656 nou
1353 2596 1473 2669 colere,
1497 2618 1563 2661 eum

266 2699 364 2758 asinos
387 2716 520 2778 quoque,
544 2700 686 2761 iamiiiare
709 2699 748 2761 iiii
764 2701 942 2769 iumentum,
966 2699 1128 2777 quando'in
1143 2700 1232 2759 terris
1247 2698 1387 2775 (tegebat,
1414 2720 1490 2761 auro
1506 2703 1563 2762 fre·

266 2809 317 2860 net
337 2819 371 2860 ac
399 2819 531 2880 purpura
559 2803 686 2880 integat?
719 2800 804 2881 quate
833 2810 877 2863 est
905 2802 962 2861 hoc
991 2809 1102 2870 autem,
1136 2802 1160 2860 si
1193 2799 1281 2879 (quod
1308 2818 1467 2879 speramus
1496 2822 1562 2863 eum

265 2896 418 2985 ikptfissssfffflq
439 2920 529 2981 posse
551 2906 642 2983 certo)
671 2905 732 2963 istis
754 2905 815 2964 suis
837 2901 965 2963 clavibus
988 2902 1131 2962 reserabit
1154 2901 1259 2962 oretum
1282 2921 1395 2982 nosque
1426 2924 1463 2965 ex
1492 2905 1562 2966 deii·

266 3003 313 3062 tiis
335 3011 364 3064 ct
385 3002 491 3081 opibus
512 3012 691 3083 purpuratos
714 3012 742 3066 et
765 3011 921 3065 coronatos
943 3022 1043 3065 secum
1067 3004 1246 3073 introducet,
1276 3022 1342 3064 cnm
1367 3024 1419 3065 ros
1442 3006 1591 3067 sordident

267 3114 329 3165 acta
353 3107 468 3166 iuterim
492 3107 547 3167 rita
570 3107 730 3188 contempti
751 3107 799 3167 irie
815 3114 844 3166 et
859 3106 989 3184 despecti
1005 3107 1136 3167 erumnis
1151 3114 1180 3165 et
1194 3106 1319 3165 miseriae
1334 3105 1562 3186 relinquemini?

197 3222 257 3275 §.aa
330 3228 503 3271 ceraunus.
541 3209 614 3269 Tota
638 3210 680 3269 via
704 3199 800 3277 erras,
824 3214 853 3267 et
869 3206 970 3268 veliem
987 3209 1137 3284 corrigere
1153 3208 1177 3266 si
1192 3207 1382 3268 monitionem
1398 3211 1560 3288 acciperes.

329 3328 480 3371 nourroa.
518 3308 578 3371 lam
601 3310 696 3371 audiri
719 3311 788 3371 satis
810 3309 900 3371 muita
923 3327 989 3388 (puae
1011 3308 1153 3378 docuisti,
1182 3314 1212 3369 et
1233 3308 1285 3369 tibi
1308 3309 1430 3388 quidem
1454 3329 1508 3371 ero
1531 3320 1560 3370 ut

265 3411 348 3486 prins
370 3411 496 3481 amicus,
530 3411 581 3472 sod
604 3431 620 3473 a
642 3412 784 3472 Pontifiee
806 3411 953 3481 Romano,
978 3412 1011 3491 „Si
1034 3410 1119 3471 liceat
1141 3403 1243 3479 etiam,
1277 3416 1375 3471 tamen
1404 3410 1561 3473 dissentire

264 3510 342 3572 haud
366 3520 628 3592 quaquamtutnm
652 3521 709 3585 est;
733 3531 830 3592 neque
852 3521 883 3574 tu
904 3512 1054 3591 postutare
1076 3511 1166 3573 debes
1188 3512 1224 3573 ab
1247 3513 1356 3580 amieo,
1381 3519 1413 3572 ut
1429 3531 1497 3574 meo
1513 3515 1589 3573 iun

267 3615 422 3675 commodo
444 3633 559 3677 morem
582 3616 634 3677 tibi
656 3633 757 3693 geram
780 3622 810 3676 et
832 3622 881 3675 tua
905 3633 1006 3676 caussa
1030 3621 1062 3675 nt
1084 3613 1195 3675 maium
1218 3614 1295 3674 nitro
1311 3613 1382 3674 mihi
1397 3631 1560 3676 accersam.

196 3713 431 3800 aanssssssiqsstfftt‘it
495 3739 668 3781 evanuere.
707 3717 808 3797 Neque
830 3715 962 3795 postulo,
986 3722 1015 3777 et
1037 3716 1212 3777 beneficium
1228 3716 1363 3793 accipere
1378 3734 1440 3776 non
1456 3716 1560 3786 debeo,

264 3818 343 3896 qnod
366 3817 417 3878 tibi
440 3820 489 3899 qui
512 3819 630 3880 doctoris
652 3822 818 3881 nociturum
841 3821 947 3881 sciamz
978 3837 1046 3879 nam
1074 3819 1116 3878 sic
1138 3817 1294 3878 amicitiam
1318 3820 1397 3877 tnarir
1420 3816 1505 3887 volo,
1530 3827 1561 3880 nt

264 3934 298 3977 ea
320 3918 429 3979 uuilins
451 3919 521 3982 boui
543 3924 649 3983 excitet
671 3922 850 3982 inimicitiam
873 3920 940 3988 tihi,
971 3938 1008 3980 ne
1037 3920 1107 3980 dnm
1136 3920 1199 3979 eius
1221 3935 1309 3996 quem
1332 3926 1364 3979 tn
1387 3925 1417 3979 et
1439 3918 1560 3981 beatum
1618 3922 1622 3929 '

264 4021 412 4081 existimas
434 4029 463 4081 et
484 4025 582 4084 omnia
604 4041 691 4102 posse
713 4022 884 4092 arbitraris;
908 4040 1004 4101 neque
1027 4022 1090 4083 haeo
1112 4039 1178 4082 mea
1198 4028 1259 4089 est,
1291 4038 1380 4098 quam
1402 4038 1476 4098 ago,
1505 4022 1591 4083 ens

264 4122 370 4182 Christi
393 4142 511 4195 caussa,
534 4125 621 4186 imius
644 4143 730 4185 omne
752 4125 822 4186 trine
844 4125 977 4194 tucrum,
1001 4141 1089 4184 omno
1111 4122 1297 4200 dispendium
1319 4123 1383 4182 erit
1420 4125 1471 4184 eui
1493 4123 1559 4184 vide

264 4242 301 4285 an
323 4227 418 4303 possis
441 4243 506 4287 esse
529 4227 640 4287 amicus
661 4225 748 4287 simui
771 4233 800 4287 et
821 4228 874 4287 ista
896 4227 989 4305 sequi.
1035 4224 1142 4285 Verum
1165 4224 1228 4284 inec
1250 4224 1319 4284 satis
1341 4223 1462 4286 abunde
1488 4225 1557 4293 dixi.

264 4344 432 4405 ‹prranquam
454 4335 483 4388 et
506 4329 628 4406 posthac
650 4347 709 4389 non
733 4328 838 4396 deero,
861 4327 1006 4406 siquidem
1029 4326 1131 4386 audire
1153 4325 1242 4385 roies.

196 4441 431 4508 permonemur
496 4449 647 4491 nourroa.
685 4428 749 4490 Non
772 4436 890 4507 potero:
919 4435 1037 4489 revocat
1066 4446 1113 4487 me
1142 4428 1220 4487 onim
1242 4426 1349 4488 leontis
1371 4425 1472 4497 Butia,
1501 4446 1561 4507 qna
1590 4482 1595 4491 .

266 4527 442 4589 damnantur
464 4534 515 4609 qni
538 4538 635 4591 tecum
658 4538 807 4610 uteunque
829 4531 934 4592 rersati
957 4530 1082 4598 inerint,
1112 4530 1166 4589 nisi
1193 4530 1290 4590 statim
1313 4528 1461 4589 deserant.
1507 4530 1593 4591 sedo

299 4713 882 4784 ¹¹lliev.d.o.]Ev.sec.Ioonn.X1V.‘.'ti.
930 4716 950 4748 ¹⁷
963 4713 1205 4767 cr.Luc.vl1.3·2.
1253 4714 1444 4765 ”aurumi
1462 4672 1560 4768 vorbi.
