3276 5414
182 372 230 440 70
480 384 532 434 ΙΙΙ.
602 399 742 432 rrrsanrs
762 399 784 432 s.
803 399 886 432 aram
923 399 1071 432 prieneus.
1092 384 1175 447 (nit.)

109 569 168 621 an.
245 575 372 617 essars.
411 553 447 614 Ni
468 552 569 622 tutin,
592 552 670 613 bena
692 555 859 631 principum
883 572 952 632 pars
979 572 1013 613 ea
1041 554 1108 614 lacit
1136 573 1202 633 quae
1229 554 1268 614 de
1290 553 1474 632 Syracusana

178 656 228 718 illu
250 656 404 735 respondit
426 656 585 734 Diogenes:
615 674 683 716 nam
705 657 918 732 interrogatus,
948 656 1096 734 quumule
1123 656 1225 716 amieis
1251 662 1386 716 uteretur
1407 654 1472 716 Iliu-

176 761 291 838 nysius,
316 757 362 818 ‘l't
384 758 526 828 reseniis',
550 762 642 838 iuquit
666 759 747 820 ‘dnm
770 760 856 838 plena
878 765 1015 825 eraenat,
1037 766 1067 817 et
1088 757 1187 817 abiicit
1209 757 1318 818 raeua'.

241 880 408 922 nistrare.
446 862 495 920 Sne
517 870 577 930 est,
601 870 630 921 et
652 864 709 922 iam
732 880 825 940 prnpe
847 859 976 919 arbitrer
998 868 1028 918 ut
1052 859 1274 919 benetentum
1303 877 1352 921 me
1380 861 1472 920 eiiciat

177 962 242 1029 ilie,
266 961 385 1041 qnandu
407 963 526 1041 quidem
549 964 666 1040 longius
688 981 753 1023 esse
775 962 846 1022 nribi
869 981 886 1021 a
908 961 1007 1021 limine
1030 979 1117 1039 qnam
1139 960 1271 1021 solebam
1293 961 1409 1029 ridear,
1438 980 1490 1023 aes

177 1067 233 1125 nisi
255 1084 302 1124 me
325 1064 422 1123 emnia
446 1063 565 1134 fallunt,
588 1067 645 1124 iam
669 1065 780 1125 tintinna
802 1063 880 1124 illam
897 1082 973 1123 exuo
988 1063 1127 1139 gratiam,
1149 1081 1237 1140 quam
1253 1062 1303 1123 din
1317 1063 1472 1123 serviendo

177 1175 340 1245 aucupatus
362 1184 460 1233 eram,
484 1174 513 1227 et
536 1168 614 1246 quati
638 1168 838 1245 pmrritemlum
862 1167 988 1225 maxime
1010 1173 1069 1231 est,
1098 1166 1237 1242 eptimam
1264 1165 1330 1224 ritae
1359 1173 1472 1242 partem

178 1275 208 1328 et
229 1269 320 1327 aetatis
342 1267 446 1326 iterem
477 1270 506 1328 in
534 1268 599 1329 ania
626 1269 741 1347 perdidi
769 1270 845 1328 inter
872 1267 1068 1347 sycophantas
1094 1285 1128 1325 ae
1156 1273 1367 1334 assentatores,
1397 1269 1472 1327 inter

179 1370 324 1429 lastnuses
345 1386 562 1445 congerrones,
585 1370 740 1431 irrsirlieses
755 1372 954 1438 convictores,
977 1372 1054 1429 inter
1069 1368 1239 1444 magnifices
1253 1375 1402 1446 satrapas,
1425 1387 1471 1428 re·

179 1474 242 1548 gius
259 1488 348 1530 canes
364 1478 392 1530 et
408 1470 542 1532 hemines
556 1492 682 1552 qnorum
699 1492 736 1533 ue
752 1474 781 1531 in
798 1491 880 1531 eterra
896 1472 1014 1550 quidem
1030 1469 1194 1530 landandus
1209 1472 1245 1529 sit
1261 1468 1379 1548 aliquis,
1396 1471 1472 1530 inter
1482 1487 1503 1528 n

179 1571 325 1649 gloriosus
339 1571 445 1633 milites
460 1593 494 1634 ae
510 1572 592 1645 illus,
608 1575 703 1644 Caste,
720 1576 842 1653 erqirites,
859 1575 907 1651 qui
923 1581 992 1633 sunt
1007 1573 1061 1650 ipsi
1076 1572 1169 1649 magis
1183 1570 1357 1650 plerumque
1373 1571 1473 1633 bestia

179 1693 265 1754 quarn
289 1694 330 1734 eae
352 1692 425 1752 quas
447 1678 593 1753 equitant,
617 1685 704 1754 atque
722 1676 796 1735 aileu
812 1678 887 1735 inter
905 1674 1082 1739 Centaurea,
1105 1675 1183 1733 irrani
1198 1691 1265 1751 spe,
1286 1675 1349 1733 siue
1365 1673 1472 1741 tmen,

179 1776 261 1836 rlnris
282 1794 400 1853 semper
421 1778 515 1837 mutlis
530 1777 667 1855 fatigatus
685 1797 718 1837 ar
734 1777 896 1838 delassatus
911 1776 982 1835 ‹lrrm
998 1774 1131 1834 rirebant
1151 1792 1261 1850 genna,
1286 1775 1357 1835 ilum
1377 1778 1473 1837 omitia

176 1886 263 1960 eratrt
285 1881 409 1955 integra.
450 1881 500 1958 qui
522 1882 545 1940 si
570 1881 657 1940 liiidie
679 1879 815 1948 abiiriar,
839 1898 874 1938 ae.
896 1878 1001 1957 aliquis
1018 1887 1103 1952 roget
1116 1895 1243 1955 quonam
1260 1885 1346 1954 parte
1363 1881 1393 1938 iu
1408 1878 1473 1939 aula

178 1983 400 2048 consenuerint,
429 1983 499 2059 quid
525 1982 603 2043 aliud
626 1982 810 2062 respendere
833 2000 921 2058 quam
950 1979 1029 2058 quon
1059 1977 1106 2039 ille
1132 1979 1210 2055 apud
1229 1980 1388 2049 Senecam,
1420 1982 1504 2041 ‘in-is

180 2081 269 2143 inrias
290 2083 442 2160 patientie,
466 2092 496 2144 et
519 2087 628 2160 gratias
640 2102 726 2169 pepe
749 2081 891 2161 agendu't

111 2197 169 2249 usa.
244 2203 371 2245 enarre.
410 2184 507 2245 l'ieem
524 2193 603 2246 tnarn
620 2185 720 2252 doleo,
741 2183 877 2252 libante,
895 2200 1062 2262 quanquam
1078 2184 1295 2262 desperandum
1309 2190 1475 2263 mapula:

180 2291 208 2344 et
234 2284 309 2343 terte
330 2292 446 2364 ternpus
468 2289 538 2355 erit,
560 2307 627 2347 unm
648 2286 741 2347 latirus
764 2286 872 2365 aliquid
895 2289 1017 2379 eretriqt.

221 2405 386 2448 nranravs.
421 2388 454 2448 ln
477 2387 553 2449 illins
572 2388 644 2458 bec,
668 2389 767 2457 Ceste,
790 2388 914 2464 genibus
932 2390 1022 2448 sitnm
1045 2397 1104 2456 est,
1128 2390 1178 2466 qni
1197 2388 1345 2466 quomedo
1367 2386 1474 2466 aliquid

179 2487 302 2547 daturus
324 2489 463 2549 credetur
485 2490 626 2550 exlraustn
649 2492 707 2550 ianr
729 2498 758 2550 et
783 2488 892 2560 inutili,
920 2510 988 2551 rnna
1015 2491 1112 2550 emnia
1136 2488 1208 2549 laiso
1232 2491 1402 2566 premiserit
1430 2492 1508 2553 inu

179 2591 243 2650 reni
268 2598 296 2650 et
317 2590 419 2651 salitio.
447 2654 450 2659 .

243 2711 371 2753 enarra.
408 2693 482 2770 Spes
505 2700 548 2754 est
571 2693 633 2754 hae
653 2693 782 2762 lubrica,
807 2700 950 2772 qnantum
971 2696 1062 2772 sapiu.

243 2815 409 2857 ursavnrs.
443 2795 485 2855 Τ(
508 2797 651 2855 menitnnr
674 2797 762 2873 igitur
782 2795 884 2863 selim,
908 2815 946 2856 ue
972 2804 1030 2855 tani
1057 2794 1229 2874 periculosas
1251 2797 1427 2873 navigationi
1447 2803 1477 2856 te

180 2898 358 2956 numinittae:
386 2898 454 2975 qnid
479 2899 557 2956 eninr
580 2898 692 2957 tliritias
713 2905 812 2974 sperat
834 2897 939 2976 aliquis
957 2900 1033 2958 inter
1054 2905 1097 2957 tut
1113 2905 1233 2973 egentes
1256 2900 1475 2975 competitores,

179 3005 229 3057 ant
250 3000 409 3075 peterrtiain
431 2999 500 3078 quiri
522 2999 627 3066 arnbit,
652 3018 739 3076 (quarn
762 3001 824 3059 sine
843 3000 948 3058 insidia
971 3000 1082 3060 babere
1105 3017 1163 3058 non
1180 3005 1290 3077 potest,
1314 3006 1364 3058 ant
1385 3017 1509 3077 quamrs

179 3101 203 3159 si
229 3099 351 3168 habeat,
385 3119 452 3160 enin
482 3099 613 3178 periente
642 3100 763 3168 irulreat,
798 3120 865 3160 enni
889 3101 925 3160 de
952 3100 1089 3160 urrruibus
1113 3099 1151 3160 iiii
1178 3118 1278 3160 seeum
1308 3101 1477 3177 petentibus

180 3199 255 3260 male
278 3202 484 3280 suspieentur?
518 3220 609 3279 perro
635 3205 699 3281 quis
722 3204 775 3262 nisi
798 3201 881 3263 vaide
904 3202 1009 3262 stultus
1036 3205 1060 3262 si
1087 3203 1143 3261 bue
1168 3202 1255 3261 murlo
1278 3205 1316 3262 sit
1336 3204 1475 3270 munitus,

179 3303 207 3361 in
229 3303 284 3363 bae
307 3305 435 3381 experiri
457 3322 529 3363 nave
552 3305 738 3374 sustinuerit,
769 3306 853 3364 cuins
882 3312 990 3384 prater
1020 3304 1074 3365 alia
1104 3311 1162 3363 tam
1191 3322 1298 3382 spnrra
1325 3311 1383 3372 est,
1416 3311 1476 3364 taur

179 3402 276 3473 lenda,
299 3423 333 3464 ae
354 3410 426 3464 tetra
448 3406 579 3464 sentinat

248 3691 276 3724 ¹⁴²
294 3694 327 3743 de
347 3692 406 3757 Syr.
426 3691 486 3758 illu]
509 3694 564 3744 trie
581 3695 664 3756 refert
685 3697 756 3758 θὼρ.
772 3696 862 3744 baert.
881 3696 926 3745 vt.
941 3695 982 3745 50.
1052 3695 1081 3726 2³
1104 3696 1256 3758 Dionysius
1274 3694 1475 3758 Syracusanus.

178 3784 298 3841 murq.5.
334 3778 487 3828 ³nbiitra.
523 3775 692 3843 ‘probata
712 3781 832 3844 improbe.
886 3779 1110 3844 iquamius.
1129 3797 1203 3830 eram
1223 3781 1257 3829 H.
1290 3780 1336 3844 qni
1355 3781 1475 3830 diuser-

179 3862 235 3912 rivi
255 3864 313 3911 eriri.
350 3862 382 3892 Μ’
401 3865 473 3912 inter
491 3864 559 3924 f.e.‚
586 3863 603 3911 i.
624 3865 798 3913 conuictores
816 3866 852 3914 II.
884 3867 955 3914 inter
975 3866 1075 3915 fastum
1095 3882 1127 3915 ac
1147 3865 1305 3930 superbiam
1324 3865 1475 3914 aulicorum

180 3963 377 4012 congerronum
391 3950 451 3998 edel.
488 3948 533 3982 ⁹⁶¹⁰
546 3948 626 4010 Regii
641 3963 733 3998 cenes.
744 3966 824 4013 (καφ.
838 3954 862 3999 5.
899 3949 1017 4011 ¹⁰elll.‚
1033 3938 1176 4000 intercuti.
1213 3950 1474 4014 Custe‚purtb0mi·

179 4047 228 4081 nea
247 4034 305 4080 edri.
326 4034 405 4082 rletee.
420 4034 456 4082 ΙΙ.
527 4051 607 4084 cenna
630 4050 723 4083 intranea.
755 4038 1073 4088 seerrn13.renrre'titer.
1145 4034 1163 4067 ¹¹
1189 4050 1222 4084 ee
1242 4036 1293 4096 ln,
1319 4036 1392 4084 inter
1416 4037 1474 4085 edei.

179 4112 200 4146 ¹²
219 4131 259 4165 ese
279 4118 314 4165 II.
346 4116 389 4166 lna
407 4119 466 4167 edd.
515 4118 669 4167 Centaurus
687 4119 765 4167 rentes
782 4121 822 4167 aui
838 4120 936 4168 ordinis
954 4121 1064 4170 borreines
1081 4137 1152 4184 supe
1170 4125 1285 4184 appellat
1303 4121 1339 4168 H.
1389 4119 1410 4151 ¹⁵
1428 4119 1475 4170 Se·
1513 4152 1515 4156 ι

178 4215 240 4250 nee.
259 4200 293 4249 de
312 4207 401 4266 tranq.
417 4218 460 4250 an.
482 4203 597 4252 xuna.
628 4204 744 4264 „nanus
763 4203 889 4253 Iulius..
905 4220 964 4253 enm
985 4205 1055 4254 Caio
1073 4205 1120 4254 diu
1139 4205 1304 4267 altercatus,
1331 4211 1497 4271 postquam,

180 4284 295 4334 abeunti
312 4285 441 4336 Phalaris
461 4287 508 4335 iile
528 4287 597 4336 dixit
621 4287 670 4335 ‘Ne
695 4288 766 4336 ferte
790 4289 885 4352 inepta
908 4304 956 4353 spe
981 4290 1033 4337 tibi
1056 4288 1224 4350 blandiarie;
1248 4289 1310 4338 draci
1335 4294 1363 4340 te
1388 4291 1474 4340 inssi'.

179 4368 330 4428 „Gratias”
355 4371 444 4434 inquit
469 4387 555 4435 1,(ιξςο,
581 4373 684 4437 optime
708 4372 1063 4437 princeps''....ngebunt
1082 4374 1155 4422 enim
1179 4375 1286 4438 gratias
1311 4379 1339 4423 et
1363 4389 1474 4438 quornm

178 4451 260 4502 liberi
279 4454 366 4504 oeeiei
385 4461 413 4505 et
432 4470 544 4519 qnorum
563 4456 636 4506 bona
655 4456 751 4505 abluta
770 4460 908 4507 eraut..”
973 4456 1116 4507 ¹³.1⁴2tll.
1137 4460 1263 4519 ‚eterlrb
1328 4459 1394 4517 erit,
1415 4475 1474 4508 eum

179 4539 392 4588 ...eueniet.l!.
424 4545 467 4588 eet
485 4540 763 4589 utmevenietaedd.
794 4541 928 4590 Fratrem.
973 4534 1019 4605 ſs¹⁹
1037 4543 1071 4591 In
1095 4541 1170 4592 illins
1194 4543 1311 4607 genibus
1330 4545 1414 4592 sitnm
1434 4550 1476 4593 est

178 4621 314 4671 lienteriae
330 4638 380 4686 pro
399 4622 427 4672 in
440 4623 514 4674 illine
534 4622 599 4689 [elei]
618 4629 758 4689 potestate
771 4629 821 4674 est.
868 4622 891 4656 ²⁰
910 4625 1142 4676 eredeturonmes.
1162 4634 1240 4676 reete.
1257 4627 1419 4677 crederetur
1432 4631 1474 4677 1³.

179 4705 224 4767 qui
243 4722 268 4754 ο.
283 4706 301 4754 t'.
315 4708 442 4770 premisit
460 4710 518 4759 edd.
538 4709 626 4770 (ettam
646 4708 702 4770 13.)
720 4711 837 4758 correxit
852 4710 886 4758 ΙΙ.
939 4707 962 4740 ²⁵
981 4711 1055 4759 .Aut
1075 4711 1109 4759 ΙΙ.
