3276 5414
260 445 267 457 .
338 405 385 453 xl.
457 419 618 454 camoenas.
690 422 828 456 manebus
849 420 1031 457 taruennicus.
1052 406 1138 472 (tart.)
1311 394 1385 465 369

154 578 355 634 sciscianus.
393 572 541 633 Hactenus
564 571 632 640 tun,
662 582 694 633 ut
717 592 750 634 re
781 573 858 634 barad
881 575 951 635 dum
975 575 1137 645 inteberta;
1166 596 1245 639 ιιιιιιι.
1267 579 1385 657 passim,

92 683 123 734 ot
144 675 260 744 audies,
285 673 470 735 reclamatur.

155 797 331 837 usnemun.
370 774 475 846 eraeso
498 778 560 847 dic,
584 776 750 838 buiusmodi
773 780 821 855 qui
844 779 932 839 sunt?
1396 794 1455 846 aaa.

155 898 355 940 nansciscvs.
393 877 451 937 Vos
474 879 602 956 primum
624 878 812 940 Mercatores.

70 996 83 1034 a
157 1000 333 1047 usnemun,
372 978 466 1049 Ouidi
490 980 689 1041 ¹tiereatorest
1239 980 1348 1068 lisama.
1362 1006 1387 1042 ιι.

155 1100 356 1143 transumere.
394 1080 452 1140 vos
475 1082 609 1161 inquam,
634 1100 701 1143 nanr
724 1081 773 1144 obi
796 1092 864 1143 sont
886 1083 932 1145 alii
955 1086 1004 1163 qm
1028 1087 1069 1146 sie
1091 1085 1197 1155 nudta,
1220 1087 1262 1147 sic
1285 1087 1389 1148 iniuste

92 1185 279 1261 possideant?

158 1307 335 1348 saccaron.
373 1289 467 1365 Atque
496 1289 572 1347 inter
601 1287 756 1364 preciosos
786 1286 937 1348 babmrdos
965 1307 1069 1349 censes
1091 1292 1178 1350 etiarn
1200 1290 1401 1365 Mercatores„

96 1396 122 1446 ct
147 1406 250 1466 ranem
273 1407 324 1448 ecs
347 1390 374 1448 in
399 1390 554 1449 Germania
577 1388 670 1449 dicis?

63 1508 85 1544 ιο
159 1510 359 1551 consensero.
397 1490 540 1569 Equidem
573 1491 638 1551 dico
674 1508 738 1551 esse
759 1489 940 1569 'praedonum
973 1492 1030 1552 icoo
1062 1493 1185 1553 aiterum
1220 1514 1327 1572 genias,
1361 1504 1459 1559 ettae.

95 1608 200 1668 rapere
235 1610 286 1651 eos
319 1592 459 1652 damnose
494 1594 579 1659 satis,
613 1593 663 1653 sed
694 1611 753 1653 nean
781 1595 908 1654 omneis:
943 1595 1090 1673 quoddam
1118 1604 1162 1655 est
1193 1598 1270 1657 enirn
1300 1598 1392 1661 irone·

94 1700 170 1752 stum
195 1693 390 1755 bioreatorum
413 1712 522 1773 genus:
551 1712 647 1773 neque
675 1714 729 1773 ego
759 1694 797 1753 ob
827 1713 936 1773 paucos
965 1697 1106 1774 quosdam
1137 1699 1272 1758 universo
1295 1702 1391 1762 statim

95 1795 206 1861 ordini,
235 1804 266 1855 ot
287 1803 319 1855 tu
343 1795 430 1873 paulo
453 1807 536 1863 ante,
567 1796 783 1865 maledixerint,
814 1799 867 1856 etsi
891 1796 1036 1858 habebam
1060 1798 1138 1877 qarod
1161 1800 1190 1859 io
1213 1798 1393 1863 Mercatores

96 1915 214 1976 turrique
237 1898 293 1957 dici
316 1905 415 1975 posset
439 1899 540 1958 odiose
563 1897 628 1976 ulos
651 1900 729 1958 satis.

71 2015 96 2053 ιτ»
163 2019 335 2061 uvrrasrs.
374 2000 468 2060 Etiam
492 2018 546 2076 ego
570 1999 674 2060 babeo.

162 2122 337 2162 ncrrcnron.
376 2101 450 2172 Quid
475 2101 589 2160 babetis
610 2102 764 2162 tanderui'

164 2222 365 2264 suaserscva.
405 2202 481 2263 Nibii
505 2203 657 2263 babemus.

162 2325 338 2366 ncnearon.
377 2303 482 2374 Onaso
506 2323 572 2373 vos,
595 2304 690 2383 siquid
714 2304 841 2372 babctis,
865 2305 980 2365 edicite.

161 2426 361 2468 raaucrscvs.
400 2406 464 2466 Nun
487 2406 653 2466 edicemus:
676 2409 797 2467 namin
820 2409 942 2485 gratiam
966 2407 1096 2468 redimus
1118 2410 1176 2469 iam
1200 2415 1307 2470 tecuor.

61 2529 90 2568 ro
166 2529 342 2576 usnemun,
380 2510 416 2568 dt
437 2526 496 2567 nrm
520 2506 629 2585 pertabo
651 2508 785 2568 violatam
808 2509 854 2569 bis
876 2509 960 2569 dietis
982 2511 1106 2586 gratiam
1129 2529 1212 2581 cam,
1236 2530 1331 2592 neque
1346 2532 1393 2573 ac·

97 2612 202 2687 cipiam
223 2628 302 2687 angre
324 2618 374 2672 aab
395 2610 494 2688 inique
516 2610 623 2669 ieram:
647 2610 757 2687 prrmbo
780 2613 857 2671 enim
880 2629 940 2671 non
963 2612 991 2671 in
1015 2611 1152 2672 insidiam
1175 2610 1254 2692 ioqui
1279 2633 1338 2674 roa

159 2731 359 2773 arnaucasers.
399 2711 499 2790 Neque.
513 2710 683 2790 loquemur.
707 2714 744 2772 ita
760 2730 814 2771 nus
829 2719 925 2774 scrrct
940 2712 1086 2783 Christos;
1111 2732 1212 2774 verram
1227 2732 1351 2794 syrtccre
1365 2720 1393 2777 et
1403 2725 1463 2776 §.tt-

96 2815 169 2875 citra
185 2814 320 2876 iuvidiam
335 2830 473 2890 geremus
488 2831 601 2873 araurem
617 2812 683 2882 tibi,
700 2813 936 2893 quiarrdoquidem
952 2816 1015 2876 beri
1031 2814 1090 2876 ida
1106 2815 1191 2876 notris
1206 2824 1238 2875 tu
1254 2814 1394 2894 postulas.

161 2935 338 2977 usnemun.
375 2914 461 2975 Certa
483 2913 599 2992 postulo
626 2924 767 2993 petoque,
798 2922 826 2975 et
847 2916 983 2977 audiendi
1005 2916 1103 2977 studio
1116 2925 1234 2985 teneor,
1258 2916 1395 2997 quicquid

60 3036 88 3074 ra
100 3018 128 3077 id
153 3018 296 3097 estquod
319 3019 437 3087 dicetis,
461 3034 639 3095 permagno:
663 3035 730 3076 narra
755 3036 808 3077 rurs
829 3020 871 3079 sie
887 3025 992 3096 perure
1007 3017 1151 3087 sciemus,
1175 3017 1278 3078 ordine
1293 3026 1395 3079 nostro

99 3121 145 3178 vix
169 3120 232 3179 esse
254 3122 431 3180 sanctiorem
454 3118 558 3187 aliurn,
582 3137 677 3197 nequo
700 3118 807 3197 aliquid
830 3120 859 3179 in
882 3136 936 3180 nas
959 3120 1015 3180 diei
1037 3138 1124 3198 {rosae
1147 3119 1335 3181 arbitramur.

163 3240 364 3283 raascrscvs.
402 3219 559 3281 Ostendam
576 3238 677 3298 posse:
702 3227 731 3281 ct
752 3222 879 3297 primum
905 3222 1023 3300 ‹midem
1053 3240 1157 3282 renses
1179 3221 1186 3292 Ι
1208 3219 1464 3306 mmmm

100 3341 136 3381 ue
152 3323 300 3382 siccandos
322 3321 498 3383 ‘Praedones'
515 3323 563 3400 qui
580 3323 721 3382 immensa
737 3324 893 3400 qrrotanuis
908 3325 1031 3401 pecunia
1047 3324 1235 3384 Germaniam
1251 3321 1395 3399 spoliant?

164 3444 342 3485 saccaron.
380 3422 515 3484 Maxime.

60 3543 90 3582 ae
162 3544 363 3587 ranscrscva.
401 3525 460 3584 Vos
482 3524 584 3585 tacitis.

163 3648 340 3688 mascaron.
377 3626 458 3687 Nos?
480 3624 548 3687 ubit

165 3748 366 3791 ranserscrs.
404 3727 477 3796 Vos,
500 3728 561 3797 aio,
585 3746 652 3788 eum
669 3728 789 3788 irasceris
803 3730 1007 3806 nugacissimis
1029 3728 1087 3789 buc
1103 3745 1180 3789 mer·
1203 3724 1395 3814 12:232&-

102 3829 189 3890 cibus
210 3832 273 3891 auri
296 3848 312 3890 a
335 3829 420 3890 nobis
442 3828 478 3889 ad
502 3835 619 3888 exteros
641 3829 757 3889 refertis
779 3836 920 3907 qtrantum
943 3831 1080 3891 aestimari
1103 3846 1161 3889 non
1184 3837 1289 3907 potest.

168 3952 345 3993 ucncsrcn
377 3930 548 3991 dicantem
565 3932 641 3991 seire
657 3932 743 4008 cupio
758 3948 824 4008 qrrac
839 3932 897 3990 sint
918 3932 1121 4009 nugacissimas
1144 3947 1267 3991 merces.
1291 3927 1397 4011 tm?

67 4047 95 4087 ι’·
167 4052 368 4095 masmanna.
406 4033 450 4092 dn
478 4049 537 4090 non
565 4049 655 4091 merae
683 4039 751 4091 sunt
774 4050 860 4109 bugat
882 4034 966 4110 piper
988 4033 1080 4101 istud,
1103 4030 1246 4109 gingiber,
1270 4034 1278 4103 Ι
1299 4048 1382 4085 ιιιοιιω.
1404 4042 1465 4094 ab.

102 4152 325 4213 cynamomum,
349 4152 469 4201 crocos,
493 4131 667 4211 garicpbyiii
690 4140 719 4192 et
741 4131 908 4194 huiusmodi
932 4134 1060 4201 radices,
1083 4130 1208 4210 plantae,
1231 4132 1345 4193 tructus
1366 4136 1395 4191 et

101 4236 223 4304 semina,
246 4237 309 4297 siue
331 4235 439 4314 quiims
461 4242 490 4293 et
513 4236 567 4294 riri
590 4240 720 4312 poterat,
744 4241 773 4293 et
787 4236 887 4295 sanius
901 4237 956 4295 viri
972 4238 1107 4313 poterat?
1129 4232 1302 4295 incredibile
1317 4233 1395 4293 enim

102 4344 147 4396 est
169 4343 201 4397 ut
222 4338 397 4397 conveniant
419 4336 464 4396 bis
486 4334 662 4414 emporibus
684 4354 751 4415 quac
779 4336 826 4397 bic
853 4344 919 4397 nata
949 4354 1008 4397 non
1036 4343 1120 4397 sunt:
1152 4336 1177 4395 ai
1207 4335 1398 4394 convenirent

103 4439 196 4507 enim,
220 4445 323 4498 natura
347 4438 455 4498 iactum
479 4445 555 4496 esset
577 4445 609 4496 ut
631 4436 678 4497 bie
694 4455 811 4516 cirroque
826 4444 1033 4498 irascerentur:
1056 4438 1153 4515 itaque
1169 4452 1227 4496 non
1243 4436 1308 4495 usui
1324 4434 1396 4503 bur.

66 4554 94 4594 aa
104 4539 155 4597 sed
178 4537 290 4599 deliciis
311 4546 499 4618 quaeruntur,
523 4556 577 4597 nec
593 4545 625 4597 ut
639 4543 795 4598 seruentur
810 4555 951 4615 corpora,
975 4538 1027 4597 scd
1042 4545 1075 4597 ut
1088 4535 1274 4598 oblectentur
1288 4534 1396 4595 utenda

157 4643 306 4724 'ninia
324 4678 350 4723 ι.
419 4670 507 4739 ιιι]
526 4672 571 4723 cc
583 4688 608 4722 e.
620 4688 660 4738 gr.
673 4673 739 4723 uec.
752 4672 816 4736 amp.
829 4669 937 4724 ..ura
950 4672 990 4731 b.
1008 4670 1095 4737 resq.
1114 4687 1139 4721 ι.
1154 4669 1229 4753 caan
1240 4668 1396 4735 saraam.

104 4754 330 4807 awmm

167 4842 298 4892 iirrrcru
312 4840 381 4892 Oen.
396 4858 459 4891 roc.
473 4842 540 4892 1111.
1135 4839 1177 4902 24
