3276 5414
190 349 263 421 510
627 374 745 413 unstrout
765 374 1037 410 PSBVDOBVTTEMCL

191 508 421 608 illalaudataque
443 532 630 594 consuetudo,
654 550 704 588 nec
727 531 886 605 oblocutum
909 532 971 588 braic
995 532 1073 588 oanni
1092 550 1157 589 aero
1178 532 1343 607 quicquam
1359 533 1484 589 nisilraub
1517 570 1522 583 .

190 621 386 678 interveniente
410 619 476 674 ailoe
500 617 540 673 uti
563 635 613 674 nce
634 618 703 690 requi
728 634 777 673 nec
800 617 864 672 boni
888 617 925 672 ibi
948 617 1044 674 umbra
1068 617 1266 691 reperiatur,
1301 626 1334 673 ut
1363 619 1385 673 si
1405 619 1440 674 cui
1456 637 1485 692 pa
1517 606 1522 669 i

189 706 260 763 renti
290 705 402 767 maxime
432 704 538 776 putenti
566 719 597 758 ae
622 702 700 757 ‹liriti
729 700 839 775 plurimi
868 702 1029 775 contingant
1060 701 1168 765 liberi,
1205 720 1247 759 ne
1272 703 1437 777 principams
1452 706 1485 777 ipsi
1517 692 1532 767 l·

189 791 363 863 ditionesque
392 806 422 843 ac
452 787 614 861 patrimonia
646 787 672 841 iu
701 785 832 859 plurimus
861 786 1063 860 rniuutulasque
1095 797 1203 860 partes
1235 785 1419 849 dirimantur.
1441 806 1485 843 uere

15 858 25 877 ’
109 942 115 951 ³
191 877 291 931 iratres
312 881 413 946 cogant
436 873 534 928 lratrcs
557 872 590 927 ad
614 871 731 945 inopiam
755 880 784 927 et
805 880 968 945 egestatem,
992 889 1026 927 nc
1047 873 1187 934 maximae
1214 871 1304 935 lites.
1330 875 1445 947 ingentes
1459 890 1496 929 seza

190 961 308 1017 ditiones
331 958 520 1030 horrendaque
543 957 700 1012 exoriantur
722 955 806 1018 bella.
837 956 885 1012 lilii
911 958 1029 1033 maiores
1057 960 1133 1012 natu
1165 967 1289 1014 sortem
1319 960 1406 1015 totim
1425 958 1486 1013 ates

191 1045 314 1118 accipere
336 1042 508 1116 paurimonii‚
531 1057 586 1115 quo
610 1042 660 1114 ipsi
685 1040 808 1097 sobolem
831 1049 985 1115 susceptam
1008 1058 1040 1096 ex
1063 1058 1131 1097 sese
1156 1051 1191 1097 et
1218 1044 1376 1099 commode
1390 1043 1487 1098 etliber

192 1138 219 1185 et
235 1130 350 1185 honeste
366 1127 480 1183 mlucare
504 1127 624 1199 possint,
649 1126 789 1199 ipsamque
813 1134 966 1183 sustentare
989 1126 1125 1198 stirpcm;
1150 1127 1189 1182 nd
1219 1126 1357 1202 reliquos
1379 1145 1489 1182 senine

194 1213 337 1269 tentandos
359 1220 434 1268 certa
456 1228 487 1266 ex
509 1227 570 1266 asse
592 1211 772 1266 constituitur
794 1212 921 1285 pecunia.
955 1227 988 1267 ne
1017 1218 1044 1265 et
1068 1210 1124 1284 ipsi
1150 1222 1300 1286 exportes
1327 1213 1406 1268 bonis
1425 1222 1488 1287 pata

124 1299 242 1354 §.amuis
264 1297 405 1371 priventur
426 1296 599 1370 patrimonio.
643 1298 733 1371 Atque
755 1296 822 1351 aileu
846 1297 939 1357 otiam.
968 1312 1022 1369 quo
1046 1305 1072 1350 et
1103 1296 1222 1352 diritiis
1257 1308 1289 1354 et
1313 1299 1415 1354 liunori
1433 1311 1503 1372 aper-e

193 1383 296 1439 tussit
318 1380 409 1442 locus.
439 1381 570 1436 maiorum
599 1378 778 1436 sitientissime
807 1381 989 1455 providentia,
1018 1397 1049 1435 ac
1076 1380 1106 1435 in
1137 1381 1233 1437 deum
1268 1385 1357 1440 etiam
1387 1384 1489 1458 optinui

193 1468 334 1523 maximum
358 1466 475 1539 pietate.
505 1473 596 1521 erecta
623 1473 687 1520 suut
710 1467 812 1538 optima
840 1465 1007 1526 sacerdotia,
1036 1465 1208 1522 constitutae
1242 1468 1410 1541 praelaturae
1434 1468 1490 1541 {qua

194 1561 360 1608 tamennon
384 1551 419 1605 ita
450 1550 631 1624 praeriperent
657 1548 708 1622 illi¹
727 1550 807 1605 nobis
830 1550 1031 1606 eromancnses
1061 1547 1309 1614 sceleratissimi.
1341 1554 1365 1608 si
1395 1554 1490 1609 remu

192 1654 243 1694 nos
265 1636 347 1692 corda
363 1634 469 1716 ⁴babere
492 1635 687 1709 inciperemus.
711 1635 734 1689 si
757 1635 783 1690 id
805 1652 856 1690 nos
878 1651 1039 1691 conaremur
1062 1635 1138 1707 quod
1163 1635 1340 1694 Alexander
1365 1638 1411 1694 ille
1424 1646 1491 1693 sextu

194 1723 245 1776 iam
269 1729 325 1776 tuni
348 1720 470 1775 redomiti
494 1719 665 1775 chrmania
688 1719 860 1793 preparabat
875 1719 1048 1794 llaymundoa
1069 1720 1147 1792 qnod
1172 1720 1274 1778 lulius
1300 1723 1404 1779 deinde
1418 1735 1507 1778 secant·

192 1806 257 1867 elus.
282 1804 361 1879 plane
384 1814 411 1860 et
426 1803 521 1859 lulirrrn
545 1811 572 1858 et
587 1803 720 1859 lulianum
742 1822 840 1877 agens,
863 1805 1041 1866 Bcrnmdiuo,
1064 1803 1119 1859 boc
1143 1807 1239 1862 etiarn
1266 1810 1388 1864 nomine
1407 1808 1493 1864 nesle

193 1889 343 1965 spoliante,
369 1889 531 1944 intentabat:
563 1889 713 1962 quiquam
736 1890 791 1944 sint
813 1890 931 1964 accepti,
961 1890 1060 1944 nemini
1083 1905 1142 1944 non
1166 1893 1324 1966 constat),
1350 1894 1445 1949 eximie
1461 1892 1494 1946 la

196 1976 244 2031 tati
260 1977 340 2031 ctiam
362 1975 551 2048 episcopatus:
575 1991 635 2047 qum
658 1992 719 2029 cum
741 1974 936 2047 adipiscuntur.
959 1973 1067 2047 reliquo
1090 1973 1188 2030 solent
1216 1979 1285 2033 suis
1310 1977 1411 2034 cedere
1433 1978 1493 2052 patri

126 2061 310 2116 §.ttarnonioz
341 2060 410 2114 idem
432 2067 460 2114 et
488 2059 521 2113 de
549 2058 667 2114 loeminis
690 2058 845 2132 puellisque
868 2059 926 2115 lieri
949 2059 1088 2114 eorrsuerit
1112 2059 1359 2132 ingredientibus
1383 2071 1495 2118 monaste

164 2178 167 2185 ·
193 2147 242 2201 ria.
287 2145 341 2199 lam
364 2161 426 2199 reru
450 2161 511 2198 cum
535 2143 654 2198 avaritiae
677 2145 743 2198 satis
765 2161 825 2199 esse
848 2145 982 2204 rideatur.
1012 2142 1079 2197 nibil
1107 2142 1278 2215 (llonacbis
1304 2150 1423 2204 maxime
1442 2147 1512 2203 lions

194 2231 290 2302 nisque
313 2228 458 2301 agentibus
481 2228 521 2289 id,
551 2245 668 2301 (quorum
692 2228 881 2301 inexplebilem
905 2228 1027 2302 quotidie
1049 2229 1195 2284 avaritiam
1224 2233 1390 2306 cernimus)
1418 2233 1495 2289 iratres

194 2322 290 2369 eontra
313 2313 411 2368 iratres
434 2313 466 2366 ad
489 2313 662 2386 repetendam
684 2314 840 2386 patrimonii
864 2312 970 2387 plenam
993 2321 1110 2375 sortem,
1144 2313 1227 2371 velut
1259 2319 1410 2375 actione·
1438 2333 1496 2390 repe

196 2397 356 2466 maclarum,
384 2396 428 2452 hic
451 2396 528 2452 ruralis
551 2398 582 2452 nd
606 2415 656 2454 nos
685 2397 779 2453 aribus
807 2400 908 2454 missus
933 2398 1038 2454 Satanae¹
1068 2397 1180 2470 legatus
1212 2403 1401 2460 concitabit?
1430 2401 1497 2458 bello·

195 2499 256 2538 rurn
279 2482 491 2538 sevissimorum
515 2482 694 2556 odiorumque
717 2482 984 2545 crudelissimorum,
1013 2483 1143 2539 mortium
1172 2484 1311 2560 denique
1335 2497 1366 2545 et
1391 2484 1498 2562 turpiss'r

196 2584 299 2624 marum
322 2576 350 2622 ct
372 2567 584 2622 miserrimarum
612 2567 656 2623 bie.
684 2567 763 2623 uobis
791 2568 941 2642 imperator
963 2569 1107 2623 Tartareus
1137 2567 1298 2627 buccinam
1332 2590 1388 2630 eeu
1417 2582 1516 2648 pumea

127 2653 311 2725 §.tttsignunr
335 2653 482 2726 praecinet?
505 2653 632 2726 llispieite
655 2653 713 2720 bic,
746 2671 762 2708 e
786 2652 925 2715 (loriniani,
955 2654 1006 2708 iam
1033 2653 1141 2708 demmn
1168 2664 1276 2728 aperta
1303 2657 1389 2721 luce,
1418 2658 1498 2732 quibus

196 2738 247 2792 iam
271 2737 377 2793 taudem
400 2755 431 2793 ac
453 2754 514 2793 sero
538 2755 624 2811 prope
646 2737 787 2793 cerebrum
810 2739 916 2811 rigere,
940 2738 1013 2810 quod
1036 2736 1141 2793 nullum
1164 2741 1298 2798 antebac
1315 2743 1388 2806 fuit,
1414 2744 1499 2816 incipit

195 2822 283 2878 hocne
305 2822 448 2896 apostolici
479 2820 575 2895 legati.
606 2823 693 2877 nuntii
716 2824 805 2896 pacis,
836 2821 923 2896 amgcli
948 2821 1029 2883 lucis.
1060 2841 1089 2878 ae
1112 2839 1169 2878 nou
1193 2827 1305 2898 potius
1331 2830 1447 2902 pessimi
1466 2844 1501 2881 na·

195 2906 314 2968 hulonis,
339 2907 487 2962 turbatoris
510 2908 626 2980 quictis,
651 2906 712 2962 rurali
735 2907 866 2963 eleemonis
889 2925 919 2963 ae
943 2907 1069 2963 omuibus
1092 2907 1127 2962 ob
1144 2909 1302 2968 avaritiam
1321 2915 1455 2971 concitati
1470 2912 1501 2967 lu·

195 2992 244 3047 riis
267 2992 303 3047 sit
326 2991 458 3047 olliciuui:
481 2992 700 3065 expergiscimini
723 2993 810 3048 adbuc
832 3002 859 3048 et
881 2995 1016 3067 capescite
1039 2990 1262 3065 rempublicam!
1506 3004 1521 3043 ¹¹

260 3077 420 3149 laegatus.
456 3076 523 3143 Quid
546 3077 581 3132 ita
605 3078 738 3132 moreris?

128 3168 197 3219 §.tta
261 3161 359 3217 Puer.
396 3161 470 3217 Adeo
493 3179 548 3216 nun
570 3160 660 3235 placet
683 3162 747 3217 mibi
764 3163 800 3224 id.
825 3162 992 3218 tlerrnaniam
1008 3163 1153 3235 genuinam
1170 3180 1255 3220 suam
1274 3170 1415 3225 amittere
1429 3169 1503 3225 ntea

195 3253 285 3302 vetera
308 3265 372 3307 sua.
404 3256 429 3301 te
454 3255 574 3307 autore„
598 3247 737 3302 instituta:
761 3265 842 3320 quam
865 3245 959 3303 vellem
983 3264 1037 3303 non
1059 3247 1169 3303 audisse
1193 3247 1261 3305 baec
1287 3270 1346 3309 nic.
1388 3278 1392 3284 ·

248 3331 384 3387 llenno.
423 3330 508 3386 Erunt
531 3331 602 3386 sorte
626 3332 672 3405 qui
695 3340 723 3415 ct
745 3333 803 3388 baec
824 3341 935 3406 petent,
966 3332 1120 3406 quibusque
1147 3333 1214 3389 risui
1248 3352 1285 3391 ea
1313 3350 1404 3396 eruut
1427 3341 1505 3395 aalma

194 3417 272 3478 alunr.
298 3417 347 3473 lios
370 3417 424 3472 buc
446 3417 537 3472 venire
562 3415 660 3472 iubebo
684 3425 780 3472 tanuen.
1511 3432 1527 3470 a

259 3501 357 3556 Puer.
395 3501 477 3557 Nemo
501 3501 602 3562 bonus,
625 3518 705 3557 nemo
728 3502 907 3559 Christianus.

127 3591 195 3642 §.⁰³-
260 3586 417 3658 begatus.
455 3586 482 3641 Si
506 3594 595 3642 tamen
617 3586 709 3660 aliqui.
754 3589 817 3644 buta
839 3596 881 3643 est
904 3587 968 3642 nrilri
991 3588 1071 3642 etiarn
1094 3594 1223 3661 potestas
1248 3596 1375 3651 creandi
1402 3595 1507 3670 protbu·

196 3672 320 3727 notarios
342 3670 510 3745 apostolicos
533 3680 560 3726 ct
585 3671 726 3746 acolythos
748 3691 834 3747 papae.

260 3755 386 3811 llenuo.
410 3755 508 3823 Quales
532 3757 558 3811 lii
583 3758 664 3811 sunt?

258 3841 357 3896 Puer.
395 3841 564 3897 Sincdubio
588 3840 745 3898 malicorii
769 3842 837 3898 rrrala
861 3859 918 3898 ova.
1514 3858 1532 3896 a

258 3926 418 3999 Legatus.
456 3925 487 3981 lli
511 3935 575 3982 srrrrt
598 3927 644 4000 qui
668 3928 753 4001 nigris
776 3927 877 4001 galeris
901 3928 1021 4001 insignes
1045 3926 1127 3982 nullis
1152 3926 1305 4004 episcopis
1324 3947 1510 4013 praeterquam

194 4093 354 4102 ---.----
361 4091 397 4100 -.ρ

260 4193 365 4244 ²bonii
384 4198 408 4243 1.
462 4193 483 4227 ¹²
502 4193 612 4259 opima?
666 4193 686 4226 ¹⁵
705 4211 719 4244 e
738 4195 836 4245 addidi.
890 4192 1363 4258 RaymunduePeraulda.1493,
1385 4207 1510 4257 cardiu.

193 4279 229 4330 lis
249 4280 408 4343 GurcensiS,
428 4281 445 4342 †
466 4278 539 4330 1505.
558 4280 592 4343 ef.
609 4280 725 4329 Ctneron.
744 4282 807 4329 l'a'tt.
818 4281 922 4345 pontiff.
936 4280 987 4329 III.
1001 4296 1027 4344 p.
1044 4278 1098 4328 172.
1111 4294 1149 4343 sq.
1226 4279 1248 4313 ¹⁰
1266 4283 1386 4349 {ulium
1407 4292 1511 4351 (effi.

193 4364 260 4427 rem)
273 4365 445 4415 ctInllaunm
458 4364 647 4430 (apostatam).
670 4366 707 4428 Cf.
715 4367 809 4429 dialop.
824 4375 943 4414 reniret
981 4363 1337 4434 BernardinoCr-raruial‚
1354 4375 1430 4425 itam
1444 4375 1512 4425 latta

195 4450 345 4500 cardinalis
364 4450 464 4511 iactus,
485 4454 513 4500 ct
532 4449 673 4515 legatione
691 4466 741 4516 per
759 4449 936 4499 Germaniam
955 4449 1075 4498 inunctus.
1094 4449 1128 4511 ef.
1144 4449 1267 4501 (baccea.
1283 4457 1306 4504 1.
1321 4474 1347 4507 c.
1362 4477 1393 4524 ρ.
1405 4460 1464 4511 tau.
1475 4477 1511 4527 sq.

193 4533 320 4586 ¹⁷coltar
339 4537 362 4585 t.
400 4534 420 4567 ¹⁹
439 4536 509 4584 Item
528 4536 587 4584 edd.
602 4540 630 4584 ot
647 4537 717 4584 oriris.
732 4538 757 4584 2.
793 4533 816 4566 ³⁰
835 4536 974 4599 capessite
994 4538 1020 4584 3.
1056 4533 1078 4566 ³³
1096 4542 1124 4583 te
1144 4539 1245 4586 autore
1256 4547 1337 4592 eante
1358 4548 1512 4610 gannim

191 4635 289 4684 ponere
307 4621 415 4670 debebat
431 4636 506 4684 perer.
543 4618 597 4651 ³⁷³⁸
616 4620 1013 4685 l‘rotlionotariiApostobcbe
1051 4618 1183 4682 Aeelytoa
1203 4622 1229 4669 1.
1275 4620 1302 4655 ⁴⁰
1323 4629 1440 4681 malie·
1455 4620 1511 4695 cte]

191 4701 291 4753 Karseai
310 4696 432 4768 aripenne
451 4696 541 4753 κακὸν
558 4694 624 4752 οἷόν,
647 4705 739 4754 Zenoli.
756 4705 801 4754 tv.
816 4703 857 4753 8⁸2.
872 4711 896 4753 et
915 4709 957 4754 all.
