3276 5414
316 408 382 458 1111.
452 422 591 459 resurae.
627 422 767 458 uiauoors
786 406 1083 474 succressensltata.)
1348 397 1397 469 83

164 596 340 639 narraras.
379 575 528 653 lutelligo,
552 595 660 656 nempe
681 577 706 637 si
729 595 838 656 corpus
860 596 913 656 pec
936 578 1129 640 valetudinem
1157 578 1309 640 laboribus
1336 582 1397 642 soi·

100 679 192 747 ficiat,
228 688 257 737 et
279 696 362 738 nicus
384 679 420 737 sit
443 697 509 756 qnae
531 677 676 739 delectum
707 679 818 738 lraliere
845 680 933 749 sciat,
968 687 998 740 ut
1028 680 1099 740 nihil
1128 692 1238 741 temere
1267 683 1397 751 suadeat,

100 797 197 856 neque
220 779 350 840 lionores
372 781 401 838 in
425 798 499 859 piaco
520 780 643 849 delient,
672 798 769 858 neque
796 781 826 840 in
854 779 931 841 bello
960 781 1047 842 salus.
1093 784 1398 862 praetermeantium

101 881 304 941 hirinscemodi
327 881 454 940 hominis
475 882 560 942 citam
583 901 686 943 omnes
709 890 737 942 et
765 882 841 942 liene
871 881 984 953 volem,
1019 891 1048 944 et
1076 903 1111 944 ex
1139 884 1242 945 miore
1269 904 1304 946 ac
1332 885 1397 947 dili·

71 985 198 1058 ogeutia
220 989 353 1044 crescent
375 1000 456 1060 opes.
816 1056 820 1062 ⁸

164 1106 317 1147 ronrvnii.
356 1085 464 1154 deute,
487 1092 520 1146 ut
541 1087 586 1146 aix
610 1084 718 1164 aliquid
740 1086 838 1164 prius:
867 1086 955 1162 igitur
977 1086 1146 1163 diligentem
1169 1106 1234 1149 esse
1256 1096 1285 1149 te
1307 1100 1465 1168 opor-sao.

100 1193 140 1246 tet
163 1196 189 1246 et
212 1186 352 1247 solertem
375 1205 409 1247 ac
431 1185 583 1256 sedulum,
614 1188 773 1266 conarique
798 1206 924 1267 operose
947 1207 980 1248 oa
1010 1206 1076 1265 quae
1103 1190 1225 1266 adsequi
1254 1190 1338 1258 selis,
1367 1199 1396 1251 et

100 1290 228 1367 experiri
250 1306 317 1367 quse
338 1289 415 1348 scire
438 1295 559 1366 exoptas
581 1288 732 1349 industrie.
777 1308 869 1367 quare
891 1289 1054 1368 prudenter
1076 1290 1303 1369 aXenophoute
1325 1294 1396 1351 seri·

99 1397 182 1467 ptum
206 1398 266 1458 est,
291 1390 335 1449 lus
357 1408 415 1449 uon
439 1407 503 1450 esse
525 1409 541 1448 a
564 1391 620 1450 deo
641 1397 759 1468 petere,
783 1397 814 1450 ut
836 1391 1001 1468 ignorando
1018 1399 1185 1470 equestrem
1201 1411 1329 1471 pugnam
1346 1412 1397 1453 eos

63 1492 149 1568 toqui
172 1491 258 1568 periti
281 1497 350 1551 sunt
371 1492 483 1559 vineas,
512 1499 563 1551 ant
592 1492 805 1569 navigationem
834 1493 973 1570 ignoraus
1001 1500 1033 1552 nt
1061 1511 1163 1554 inanem
1185 1501 1267 1554 recte
1288 1494 1397 1572 gober-

100 1610 166 1660 nes,
191 1590 235 1651 vel
257 1593 411 1671 imperitus
433 1610 534 1653 semen
557 1594 714 1671 spargendi
737 1599 769 1653 ut
791 1592 971 1654 trumentum
995 1593 1151 1673 aliquando
1174 1597 1316 1674 optimum
1336 1596 1404 1656 col?

98 1691 309 1771 ligas,'neque
331 1694 355 1754 si
377 1700 406 1754 te
429 1712 488 1754 non
512 1695 675 1764 custodias,
704 1702 738 1755 ut
760 1714 775 1754 a
798 1695 854 1754 deo
876 1697 1010 1756 serveris.

162 1816 338 1858 nvrrnsvs.
375 1796 489 1856 literas
511 1799 568 1856 iam
591 1803 658 1857 ante
681 1797 782 1864 didici,
807 1796 843 1856 acl
867 1805 894 1856 te
917 1804 949 1857 ot
971 1797 1111 1858 ditescam
1134 1799 1227 1858 venio.
1405 1818 1464 1868 §.aa

162 1918 316 1958 rosanus.
354 1897 391 1957 Et
412 1904 441 1958 te
464 1915 534 1976 ego,
565 1906 597 1959 ut
619 1899 648 1958 id
671 1899 855 1976 adsequeris,
884 1898 1053 1976 diligentem
1075 1917 1110 1958 ac
1132 1900 1308 1962 industrium
1332 1920 1396 1962 esse

65 1997 203 2066 niuoso,
227 1998 357 2077 nihilque
379 2000 457 2078 apud
480 2000 577 2061 lorem
600 2007 734 2061 acturum
757 2000 823 2059 dieo
845 2018 969 2061 uxorem
992 2008 1093 2079 petere
1114 2000 1249 2062 adortum
1265 2001 1396 2079 qualem·

100 2119 243 2178 rumque,
277 2101 390 2161 etiamsi
419 2109 536 2163 eentum
566 2102 674 2162 bonoim
703 2102 839 2162 sacrificii
869 2101 1069 2180 corruptelam
1098 2102 1280 2172 admoliaris,
1314 2107 1397 2182 quasi

99 2221 168 2262 iero
191 2203 375 2263 matrimonia
398 2203 571 2264 mortalibus
593 2202 729 2264 corrediet
751 2203 799 2263 ille
822 2210 850 2263 ct
873 2204 990 2282 nuptias
1012 2203 1168 2282 dispenset.

162 2324 336 2366 ttt'nrunvs.
374 2304 467 2383 igitur
488 2305 670 2384 providentia
693 2312 756 2374 est,
786 2306 833 2365 die
855 2322 925 2381 age,
949 2313 978 2365 et
1000 2323 1087 2383 qnam
1111 2302 1277 2387 πρόνοιαν
1300 2307 1395 2367 Graeci
1406 2317 1463 2366 §.³2

28 2480 32 2485 Ι
99 2410 220 2466 vocanti

62 2521 90 2560 ²⁰
161 2528 314 2569 ronanus.
354 2507 450 2587 Aliqui
473 2516 590 2587 putant,
619 2527 675 2587 ogo
698 2527 746 2569 me
768 2527 832 2570 csse
855 2510 925 2568 scio.

162 2630 336 2672 uvrrsuvs.
375 2609 412 2670 Et
445 2629 500 2688 ego
533 2611 632 2680 video,
667 2629 768 2672 verum
802 2610 862 2670 sola
896 2628 933 2670 au
960 2611 1016 2678 sis,
1051 2610 1079 2671 id
1108 2610 1239 2689 nunquid
1270 2619 1314 2671 est
1343 2629 1396 2671 no·

98 2719 160 2771 tom
182 2711 253 2772 tihi?

162 2833 314 2875 sonorus.
355 2812 450 2874 iorem
473 2814 583 2892 pariter
606 2833 670 2874 esse
693 2814 769 2882 scio,
794 2814 844 2891 qui
866 2832 914 2874 me
937 2812 1115 2881 exoculavit,
1145 2812 1223 2874 illam
1246 2834 1316 2875 vero
1337 2832 1395 2893 qua

97 2915 134 2974 de
157 2916 265 2992 quaeris
286 2916 499 2994 procidentiam
522 2915 760 2976 damnatorum
783 2926 937 2975 successus
955 2904 1150 2992 'reilarguunt

61 3029 89 3069 ²⁵
162 3037 334 3079 iivrrsnvs.
371 3017 404 3077 ld
426 3018 506 3094 quod
528 3017 673 3095 suspicari
695 3016 799 3094 aliquis
821 3012 931 3094 potest,
954 3017 978 3074 si
1000 3014 1134 3077 inortalia
1158 3019 1391 3097 cureret-superi,
1404 3031 1463 3080 §.aa

97 3136 248 3196 nunquam
272 3119 485 3198 permissuros,
499 3126 547 3178 ‘nt
570 3117 735 3178 felicissime
757 3125 844 3196 agant
866 3119 985 3197 pessimi
1013 3117 1196 3197 complures,
1224 3137 1391 3198 quanquam

96 3221 161 3298 ipse
178 3239 273 3299 nuper
289 3221 360 3281 deos
377 3239 442 3282 esse
461 3228 490 3282 et
507 3220 674 3282 mortalium
693 3238 745 3281 eos
761 3239 861 3281 coram
880 3219 991 3280 habere
1008 3236 1116 3296 magno
1131 3220 1238 3293 indicio
1261 3222 1393 3297 cognovi.

161 3342 314 3384 rourvus.
351 3323 486 3394 Quonam
509 3321 577 3382 itta?

161 3443 333 3484 nv'rrusvs.
371 3423 456 3494 Onod
480 3425 532 3483 ista
555 3441 659 3503 passos
681 3431 725 3483 est
746 3421 794 3483 ille
816 3424 846 3482 in
869 3423 971 3484 Suesis
993 3430 1148 3502 tyrannus,
1178 3424 1228 3500 qui
1252 3441 1320 3483 com
1342 3430 1462 3486 tuotar.

60 3525 199 3584 etas-ore
221 3532 300 3584 tutus
322 3524 376 3584 sibi
400 3525 564 3593 rideretur,
594 3524 632 3584 oli
656 3524 744 3602 idque
767 3522 983 3585 exultabundus
1011 3524 1186 3591 confideret,
1216 3543 1250 3583 oc
1277 3541 1393 3583 suintino

95 3627 228 3686 onmium
252 3627 330 3687 circa
353 3632 432 3685 sueto
455 3644 518 3687 rem
542 3626 628 3686 exitio
651 3624 768 3693 uiuitis,
796 3627 944 3686 coiiimuni
968 3626 1133 3687 Germaniae
1162 3622 1294 3703 periculo
1317 3627 1393 3684 trito¹

95 3746 162 3788 ram
182 3727 410 3806 aggrederetur,
434 3727 532 3788 subito
554 3728 639 3804 quasi
660 3727 790 3803 quodam
813 3727 887 3788 ictus
911 3726 1033 3788 lulrnine
1055 3726 1183 3787 concidit
1205 3745 1240 3786 ao
1262 3734 1393 3804 prostra-

95 3836 144 3889 tus
166 3838 218 3891 est.

160 3952 314 3995 rourum.
351 3930 465 4017 optas
487 3931 544 3991 lioc
567 3949 660 3992 casos.

59 4047 87 4089 ³⁵
162 4052 335 4095 numanus.
372 4024 408 4093 lt
430 4033 485 4093 lios
506 4033 579 4093 deus
601 4030 792 4109 gubernabat.

160 4155 311 4197 rosrvus.
349 4134 443 4195 lmmo
464 4153 523 4194 non
545 4141 644 4196 essem
665 4151 761 4202 casus,
783 4133 807 4192 si
829 4150 881 4192 eos
902 4140 1020 4210 regeret
1042 4130 1161 4209 aliquis:
1184 4150 1222 4191 an
1238 4130 1459 4192 conditones.

95 4255 160 4297 esse
182 4238 211 4296 in
234 4237 360 4299 tortoitis
381 4235 473 4299 ullum
496 4236 609 4316 protest?

163 4476 174 4508 ¹⁹
191 4471 330 4541 Xenoph.]
349 4472 598 4539 Cyropoed.‚1.ll,u.
652 4471 674 4504 ¹⁸
691 4463 843 4536 πρόνοιαν]
863 4471 1075 4537 providentiam.
1136 4469 1158 4502 ²⁰
1177 4475 1278 4535 putent
1291 4477 1315 4518 ct
1329 4470 1389 4518 seio

92 4567 265 4625 opponuntur.
318 4558 340 4591 ²⁹
359 4560 388 4608 iu
405 4558 488 4608 Suos.
508 4555 572 4623 tyn]
592 4556 704 4607 Ulricns
723 4556 776 4606 dux
796 4556 1047 4617 Virtenbergensis.
1082 4551 1390 4618 ³⁴cas11slPlin.H.N.

93 4645 130 4697 Il.
143 4645 197 4696 Za.
216 4643 362 4708 „adeoque
382 4643 508 4693 obnoxius
527 4657 619 4693 sumus
637 4643 733 4703 sortis,
752 4645 785 4690 ut
796 4639 861 4689 Sors
880 4642 942 4705 ipsa
960 4656 1009 4705 pro
1027 4638 1078 4688 deo
1096 4640 1145 4696 sit,
1171 4654 1225 4703 qua
1243 4637 1311 4687 (leus
1330 4653 1389 4702 pro·

91 4730 175 4780 batur
192 4730 341 4781 insenuit

1118 4808 1160 4867 6*
