3276 5414
152 390 273 445 nunoer
292 408 398 444 serrare
418 409 535 442 reserva
554 409 680 444 connino.
701 390 747 459 [a]
765 409 894 443 narraris
912 408 947 443 ar
971 408 1204 443 wranerirrours
1223 408 1324 446 evoro.
1376 376 1451 448 573

109 560 222 625 'toton
244 567 287 623 dei
310 583 396 640 usque
420 565 445 621 in
470 574 592 640 quartam
615 566 831 638 generationem.
860 565 908 622 sed
936 574 964 622 et
993 565 1019 621 in
1051 567 1201 623 canonibus
1223 584 1292 641 quos
1316 568 1368 641 ipsi
1391 584 1451 622 san·

153 661 268 714 xerunt.
291 668 326 707 ne
347 652 380 706 ad
404 650 554 706 sacerdotia
577 649 617 705 rel
642 650 728 707 olllcia
745 650 946 724 subrogentur:
969 651 1016 706 sed
1038 653 1100 724 quia
1116 654 1272 707 nutrierunt
1288 652 1387 707 frontis
1403 669 1449 707 au·

109 738 136 777 ·1-
151 737 256 793 daciam
279 745 307 791 et
328 735 525 792 volubilitatem
550 734 650 809 linguae
672 737 812 791 consecuti
836 744 912 797 sunt,
952 735 1051 808 passim
1075 754 1105 792 sc
1128 738 1269 809 ingerunt,
1293 738 1449 793 econtrario

109 810 278 878 ‘erudims
301 821 374 876 viros
397 819 494 880 latere.
528 820 685 882 obscurari,
720 823 927 894 persecutiones
954 821 1010 893 pati
1040 829 1068 876 et
1096 838 1151 877 non
1179 821 1267 877 solum
1297 820 1322 877 iu
1345 821 1449 896 populo

109 892 138 958 b·
154 905 196 961 vel
219 907 252 962 ad
275 906 396 980 publicas
418 905 564 979 dignitates
593 906 708 978 gratiam
737 921 790 961 non
819 905 933 966 babere,
967 905 1014 960 sed
1042 907 1122 961 etiam
1153 907 1243 980 inopia
1272 915 1300 962 et
1327 915 1449 979 egestate

159 991 309 1047 tabescere.
353 991 417 1047 licet
438 1008 492 1046 non
516 990 638 1063 ignorem
661 990 721 1046 ideo
746 991 801 1046 baec
824 990 896 1051 beri.
920 990 983 1063 quia
999 990 1104 1046 incerto
1119 999 1190 1046 statu
1207 991 1334 1046 feriuntur
1349 993 1447 1052 ‹rnrnia

161 1085 190 1133 et
213 1093 266 1132 non
289 1085 330 1132 est
353 1075 406 1132 illis
431 1077 456 1130 iu
480 1078 608 1148 praesenti
630 1075 776 1131 retributio
799 1076 973 1137 meritorum,
1009 1076 1056 1130 sed
1086 1076 1112 1130 in
1142 1076 1243 1131 luturo.
1290 1076 1361 1131 Vidit
1389 1076 1517 1136 berctus.

109 1167 130 1221 tr
163 1169 192 1217 et
214 1160 388 1218 Ecclesiastes
410 1160 456 1216 ille
479 1160 559 1223 olim.
593 1160 700 1235 qnando
728 1160 802 1216 dedit
829 1176 877 1216 cor
904 1176 983 1215 suum
1006 1161 1032 1215 in
1055 1176 1134 1216 omne
1156 1178 1226 1234 opus
1254 1162 1326 1235 quod
1350 1161 1448 1216 laetum

163 1253 206 1302 est
229 1246 280 1301 sub
302 1245 375 1301 sole:
400 1246 464 1302 vidit
486 1247 571 1308 euim,
600 1246 672 1320 qued
694 1246 881 1300 dominaretur
902 1244 983 1300 borno
1013 1246 1130 1308 bomini.
1158 1254 1188 1300 ut
1216 1246 1350 1320 albigeret
1372 1263 1448 1307 cirin:
1528 1253 1537 1265 ⁸

109 1339 192 1392 iieet
215 1332 282 1391 vidi.
305 1332 407 1404 inquit,
432 1332 530 1404 impios
552 1330 689 1405 sepultos,
721 1339 748 1386 et
770 1338 914 1391 venerunt.
942 1330 1025 1386 etde
1048 1329 1109 1386 loe-o
1132 1338 1226 1387 sancto
1249 1331 1352 1404 egressi
1375 1340 1448 1393 suin,

156 1416 308 1472 etlaudati
331 1425 395 1471 sunt
418 1415 589 1477 incivitate,
620 1416 681 1489 quia
710 1416 748 1471 sic
780 1417 917 1479 lecerunt;
950 1415 1003 1470 eidi
1033 1424 1157 1471 niortuos
1180 1418 1220 1471 sic
1248 1415 1384 1489 sepultos,
1419 1425 1447 1471 ut

109 1531 124 1573 Ι
156 1502 244 1557 sancti
266 1502 467 1557 ustiurarentur
490 1503 516 1556 in
540 1510 624 1563 terre,
649 1501 696 1574 qui
719 1518 800 1573 quum
825 1501 959 1562 virerent,
989 1500 1154 1573 putabantur
1180 1500 1255 1573 digni
1282 1519 1342 1555 esse
1364 1500 1450 1556 eccle·

114 1582 117 1588 ’
158 1587 207 1642 siau
231 1587 367 1660 principes
390 1594 417 1640 et
441 1585 534 1660 templi
557 1587 613 1647 dei,
643 1595 669 1641 et
699 1586 810 1658 insuper
833 1585 1002 1641 ambulantes
1026 1586 1120 1648 tumidi
1143 1585 1322 1642 laudabantur
1345 1585 1371 1640 in
1394 1604 1449 1641 ura-

109 1708 118 1745 ,
158 1670 230 1727 liciis
252 1672 322 1733 suis,
346 1671 417 1726 sieut
439 1679 467 1726 et
489 1670 557 1727 alius
579 1670 713 1745 propbeta
735 1671 814 1731 dicit.
839 1670 984 1726 ‘Laudatur
1006 1669 1116 1744 iniquus
1140 1671 1166 1726 in
1187 1670 1337 1745 desyderiis
1353 1672 1448 1727 antiae

109 1770 235 1833 prosum,
257 1764 286 1811 et
307 1757 415 1829 iniquus
438 1755 622 1811 benedicitur'.
667 1755 722 1810 llec
751 1764 841 1810 autem
874 1764 1020 1829 propterea
1049 1756 1155 1816 creuit,
1190 1757 1252 1829 quia
1279 1773 1358 1811 nemo
1387 1774 1449 1831 pec·

109 1884 117 1919 ,Ι
159 1840 283 1897 cantibus
306 1840 426 1915 prelatis
449 1841 528 1896 undet
552 1842 694 1900 resistere.
718 1858 767 1896 nec
789 1841 880 1895 statim
902 1840 970 1895 ‹luus
992 1839 1080 1896 scelus
1102 1839 1258 1902 ulciscitur,
1287 1841 1335 1896 sed
1357 1841 1448 1897 dillert

109 1968 116 2007 Ι
157 1941 280 2000 punam.
313 1927 376 1982 ilum
407 1934 530 2000 expectat
561 1926 756 1999 penitentiam.
800 1942 850 1981 nec
872 1925 1014 1998 quisquam
1037 1941 1085 1980 cos
1107 1943 1235 1982 accusare
1255 1927 1348 1987 audet,
1383 1927 1515 1999 auimo.

155 2011 244 2067 sancti
266 2020 294 2066 et
316 2010 388 2066 beati
411 2012 438 2066 in
461 2011 607 2085 praeceptis
629 2010 730 2066 domiui
753 2008 922 2065 ambulantes
944 2018 1045 2083 augent
1073 2018 1183 2084 peccata
1202 2013 1344 2084 peccatis:
1377 2012 1448 2066 dilli-

157 2095 219 2152 cilis
242 2104 284 2151 est
306 2097 443 2152 accusatio
467 2096 493 2151 iu
516 2097 688 2170 episcopunr;
722 2095 745 2150 si
768 2095 932 2169 peccaverit,
966 2112 1022 2150 non
1044 2096 1171 2157 caeditur.
1207 2104 1234 2151 et
1262 2096 1284 2151 si
1307 2098 1447 2151 convietus

119 2181 258 2243 soluerit,
281 2198 337 2236 nou
358 2183 480 2255 punitur.
524 2180 616 2236 Omina
639 2189 729 2236 autem
753 2181 812 2235 lianc
833 2179 970 2254 permittit
990 2181 1057 2235 olcus
1079 2189 1194 2254 propter
1209 2190 1319 2254 peccata
1338 2181 1447 2255 populi;

159 2275 275 2340 propter
296 2266 349 2322 boo
369 2265 506 2322 dominari
527 2267 591 2322 lacit
612 2283 660 2322 eos
683 2266 728 2339 qui
753 2266 869 2321 oderunt
883 2282 946 2325 eos,
970 2265 1163 2327 ellierninatos.
1188 2265 1300 2328 molles,
1323 2265 1446 2340 gulosos.

159 2359 318 2411 ocrrtrosos,
340 2350 482 2413 animales,
506 2350 648 2419 bestiales.
673 2350 814 2411 indoctos.
838 2351 919 2425 impie
941 2349 1062 2411 zelosos.
1094 2359 1239 2425 tyrannos,
1268 2351 1448 2425 suspiciosos,

160 2451 277 2510 porcos:
300 2443 329 2491 ut
351 2437 439 2492 veniat
461 2453 544 2511 super
565 2453 613 2491 eos
636 2437 674 2490 ira
697 2436 799 2491 iloiuini
815 2452 902 2508 nsque
918 2435 946 2491 in'
962 2434 1056 2496 linem,
1080 2437 1169 2492 omnis
1184 2438 1295 2509 sangnis
1312 2438 1445 2492 iustorum

161 2538 176 2576 a
199 2521 330 2593 sanguiue
353 2522 502 2595 primorum
526 2529 674 2594 martyrum
698 2538 783 2594 usquc
806 2521 838 2575 ad
862 2520 985 2576 ultimum
1008 2522 1123 2576 iustum:
1153 2529 1280 2596 potentes
1302 2522 1373 2578 euim
1397 2539 1446 2595 po·

124 2615 254 2661 nolenter
275 2607 426 2680 patientur:
450 2607 496 2661 sed
520 2623 573 2661 non
597 2606 763 2679 recogitant.
798 2623 851 2661 non
881 2606 983 2667 vident.
1018 2607 1079 2680 qnia
1103 2606 1248 2662 obcaecavit
1270 2624 1317 2661 eos
1339 2606 1443 2662 malicia
1454 2610 1516 2661 §.tt

161 2700 189 2747 et
211 2690 336 2765 superbia
359 2709 467 2748 eorum:
501 2691 565 2747 caeei
594 2692 664 2746 eninr
693 2699 757 2746 suut
784 2698 812 2747 et
833 2691 915 2747 duces
937 2708 1083 2753 raucorum:
1117 2690 1282 2748 ‘benedictus
1304 2692 1448 2759 dominus,

160 2776 302 2849 inquiunt.
327 2777 398 2849 'quia
420 2777 517 2832 divites
540 2777 603 2832 lacti
627 2794 734 2841 surnus;
757 2777 909 2833 occidemus
931 2785 958 2831 et
981 2785 1140 2837 uiuetemus,
1164 2786 1192 2833 et
1214 2794 1268 2832 non
1284 2776 1372 2833 solum
1388 2785 1449 2832 ton·

159 2862 254 2919 damus
277 2880 402 2934 gregem,
426 2862 473 2917 sed
496 2861 578 2917 etiam
594 2861 771 2923 trucidemus,
796 2862 868 2917 velut
891 2861 963 2935 lupi,
988 2860 1059 2949 velut
1075 2862 1148 2916 ursi'.
1187 2852 1294 2917 Sufficit
1313 2865 1352 2918 eis
1376 2862 1447 2935 quod

162 2964 256 3001 ornnes
280 2947 402 3002 redditus
424 2955 452 3002 et
475 2945 544 3002 boue
568 2947 619 3020 ipsi
642 2946 797 3020 possident,
821 2947 893 3020 qirod
917 2964 1003 3020 equos
1024 2948 1149 3002 nutriunt
1172 2947 1397 3021 speciosissimos.
1420 2955 1448 3003 et

125 3031 280 3091 sentinam.
305 3041 334 3086 ut
357 3031 500 3092 buetenns.
524 3049 595 3087 nuuc
617 3050 650 3088 ne
673 3031 739 3087 nibil
762 3032 879 3104 pessime
901 3040 999 3104 agunt,
1022 3040 1049 3086 ct
1068 3030 1258 3088 scelestissime
1280 3033 1447 3105 proluudant

163 3116 355 3190 patrimonium
377 3116 492 3172 Cbristi!
526 3116 652 3172 l‘baloras
678 3115 879 3172 conficiuntor
908 3133 973 3172 auro
996 3125 1024 3172 et
1045 3126 1175 3189 argento,
1203 3126 1232 3173 et
1254 3118 1325 3174 seira
1348 3118 1514 3191 quibusnas.

162 3217 296 3274 equorum
317 3201 399 3276 pedes
422 3202 561 3263 muniunt,
596 3219 627 3256 ex
655 3210 785 3274 argente,
821 3218 903 3274 quum
926 3200 1034 3256 interim
1062 3218 1194 3276 pauperes
1222 3202 1322 3257 Christi
1348 3211 1446 3276 egeant

162 3302 232 3359 pane
253 3280 283 3342 et'
302 3286 439 3343 mendicus
461 3287 577 3342 Lasarus
598 3286 640 3340 vix
661 3286 777 3341 saturari
800 3287 888 3358 possit
908 3286 942 3341 de
967 3285 1042 3341 micis
1071 3304 1131 3359 quse
1159 3287 1258 3342 cadunt
1284 3288 1319 3343 de
1347 3288 1447 3343 mensis

163 3373 286 3444 ipsorum
312 3370 374 3446 plus
401 3389 481 3446 quain
509 3370 632 3431 Croesiis.
661 3369 724 3444 plus
752 3386 831 3443 quam
858 3370 1033 3444 Sybariticis.
1063 3372 1158 3427 asotiis
1187 3371 1445 3446 voluptuosissinris.
1517 3378 1520 3385 '

129 3455 200 3511 saue
222 3457 321 3512 scortis
343 3474 398 3512 non
421 3456 497 3518 dico,
521 3471 603 3530 quum
625 3454 679 3511 boo
699 3455 736 3511 sit
758 3462 847 3510 tanuen
869 3455 960 3529 magis.
983 3455 1143 3511 humanum:
1174 3474 1325 3530 queriquam
1347 3474 1378 3513 ca
1401 3457 1515 3513 tia-§.so

163 3540 244 3596 beant
267 3558 321 3596 non
344 3551 374 3597 ut
396 3540 507 3615 vulgus,
541 3541 587 3597 sed
611 3539 806 3597 venustissima.
851 3547 879 3595 et
901 3540 1018 3596 fortasse
1040 3549 1067 3595 ct
1097 3542 1150 3596 boc
1178 3541 1361 3602 tolerandum,
1394 3541 1447 3597 uisi

164 3643 217 3682 uon
243 3635 284 3682 tot
305 3627 389 3682 etiam
410 3626 479 3682 elain
502 3634 659 3700 stuproreut
681 3623 848 3687 iuvenculas.
883 3642 938 3680 nou
967 3633 1008 3680 tot
1035 3627 1237 3682 committerent
1267 3625 1398 3681 adulteria
1421 3634 1448 3682 et

162 3712 282 3767 incestus
304 3720 332 3767 et
353 3711 504 3784 sacrilegia.
549 3711 681 3785 Quicquid
705 3711 837 3785 optimum
859 3719 902 3766 est
925 3710 951 3766 in
974 3710 1049 3771 loro.
1074 3711 1101 3766 in
1118 3710 1245 3772 macello,
1269 3712 1320 3768 boo
1335 3711 1387 3783 ipsi
1402 3711 1448 3767 de·

162 3805 273 3857 rorant,
297 3797 349 3852 boc
372 3796 423 3871 ipsi
446 3796 627 3867 abliguriunt,
650 3795 774 3852 animalia
796 3796 898 3853 ventris
920 3795 1002 3852 etad
1025 3793 1092 3851 nibil
1112 3795 1195 3852 utiles
1210 3796 1262 3851 nisi
1278 3797 1310 3852 ad
1326 3794 1448 3853 belluar-

126 3882 235 3937 todunr.
280 3881 371 3954 lleque
393 3882 464 3937 enim
485 3882 647 3955 pradicant,
670 3899 718 3938 nee
733 3882 846 3944 elocent,
870 3899 919 3937 neo
939 3881 1077 3942 scribunt.
1100 3898 1150 3937 neo
1170 3881 1335 3942 sacrificant,
1358 3886 1516 3954 aequato.

163 3965 236 4021 bono
260 3965 352 4039 aliquo
375 3965 497 4040 excrnplo
521 3968 689 4039 praecedunt,
717 3974 746 4022 ut
769 3967 903 4023 iiniuerito
926 3967 981 4022 bare
1003 3965 1102 4039 aliquis
1126 3967 1152 4021 in
1175 3965 1230 4021 illis
1252 3965 1446 4027 calumnietur:

163 4059 191 4106 et
214 4069 297 4124 quum
329 4052 379 4123 ipsi
405 4051 471 4106 uibil
494 4053 591 4107 borum
615 4052 727 4114 iaciant,
750 4068 838 4124 neque
860 4051 928 4107 alios
951 4051 1062 4106 mittunt
1084 4053 1112 4106 iu
1134 4069 1249 4107 messem
1272 4051 1373 4107 domini
1401 4052 1446 4124 qui

109 4196 111 4203 ,
164 4145 326 4209 operentur:
356 4144 383 4192 et
405 4137 428 4191 si
450 4154 514 4192 casu
538 4135 577 4190 acl
600 4136 709 4193 [ortona
732 4134 772 4191 vel
795 4135 915 4192 inanimis
937 4135 1064 4210 precibus
1091 4137 1235 4193 asciverint
1261 4134 1379 4209 aliquem
1402 4137 1447 4209 qni

164 4237 226 4276 rere
248 4222 345 4277 doctus
367 4222 417 4283 sit.
441 4221 492 4277 nisi
515 4219 622 4294 palpet,
646 4221 697 4276 uisi
720 4221 751 4276 ad
774 4220 897 4294 plausum
920 4220 1061 4295 loquatur.
1092 4221 1143 4277 nisi
1166 4219 1331 4281 dissimulet.
1354 4220 1449 4277 conni-

129 4314 238 4365 tsreat‚
268 4316 295 4362 et
317 4306 369 4360 nisi
392 4323 505 4381 prorsus
532 4306 613 4362 etiam
641 4307 809 4368 consentiat.
838 4306 929 4363 statim
958 4306 1099 4367 deiicitur,
1127 4314 1288 4363 execrantur
1312 4305 1386 4385 'velut
1410 4306 1449 4360 in·

165 4420 367 4430 -.——-

232 4488 426 4540 lBeeleoiaot.
440 4490 516 4539 VIII.
530 4489 554 4538 11.
568 4503 627 4554 sqq.
696 4487 718 4520 ¹⁰
742 4485 797 4555 111ιῂ
813 4493 836 4539 1.
868 4489 978 4554 inquam
991 4494 1017 4539 2.
1049 4489 1196 4553 iniqnoed.
1216 4487 1316 4552 (falso)
1336 4489 1449 4538 Ceterum

165 4590 215 4623 non
233 4575 316 4624 omnia
334 4581 391 4637 ipra
409 4573 575 4624 Ecclesiaste¹
593 4573 670 4622 uerbo
686 4580 743 4623 aunt
762 4590 819 4639 quea
834 4572 980 4639 sequuntur.
1017 4571 1038 4605 ¹⁴
1055 4572 1161 4640 propb.]
1175 4573 1276 4624 l‘salm.
1290 4574 1323 4623 X.
1337 4572 1361 4623 3.
1382 4576 1448 4634 (ree.

166 4658 263 4719 llebr.)
334 4655 527 4724 ¹‘prolatio-l.
548 4658 699 4722 (precisi.)
769 4656 790 4689 11
809 4663 957 4724 expectant
974 4659 1033 4707 edd.
1097 4656 1118 4690 ¹⁸
1136 4655 1274 4724 potentes}
1298 4657 1449 4724 Sapientiae

167 4743 251 4792 Vbi.
287 4742 309 4774 11
327 4740 413 4807 Coeoi}
432 4743 602 4793 Muttinxl'.
619 4743 657 4791 ll.
693 4740 715 4773 11
733 4743 876 4794 reditnsd.
913 4743 935 4775 11
954 4741 1058 4806 Creaijs
1078 4746 1134 4793 1.2.
1175 4740 1229 4775 1111
1247 4744 1378 4793 couniret
1389 4745 1448 4793 edd.
