3276 5414
207 353 280 424 416
411 368 475 418 xu.
544 382 690 418 sensurus.
762 384 900 418 uracouus
920 384 1101 420 uwrrsurcvs
1122 370 1333 433 (posueruut).

204 546 290 607 tunc,
314 537 475 597 istiusmodi
499 536 578 597 lerre
599 537 772 598 iudustriam
796 537 994 598 barbaricum.
1029 556 1123 618 quam
1146 539 1191 600 ob
1213 558 1291 601 rem
1310 558 1382 602 cum
1406 550 1433 603 el
1455 544 1516 619 opti

205 658 283 700 uram
305 640 359 698 iste
382 646 504 698 coriatus
526 640 571 698 sui
594 656 727 699 caussam
750 639 903 708 habuerit,
928 647 1093 717 etltontum
1116 643 1231 702 animo
1257 661 1299 703 ac
1325 644 1435 704 nmine
1455 643 1515 703 mdi-

208 743 322 820 larinate
345 741 465 800 seientia
489 738 625 809 valuerit,
648 759 745 819 neque
768 741 853 802 aliter
876 760 964 820 quam
987 742 1022 802 ad
1046 744 1154 820 patriae
1179 745 1393 805 commodum
1416 743 1514 823 pericli

205 849 282 903 tatem
311 843 361 910 sit,
396 834 609 920 minimumque
637 843 710 902 vitiis
737 845 930 912 concesserit,
968 861 1027 903 non
1064 844 1171 914 video,
1208 863 1276 924 per
1308 846 1430 916 lovem,
1460 847 1522 923 quis

136 945 317 1005 §.terentius
330 943 544 1020 Imperatorum
567 961 700 1004 sunrmus
721 944 825 1005 baberi
840 944 959 1013 ‹lebeat;
982 962 1038 1005 nec
1053 942 1181 1007 dubiur'n
1198 955 1253 1008 est
1271 949 1367 1027 quin,
1390 950 1416 1008 si
1431 949 1527 1026 prium

204 1047 301 1110 statim
324 1045 490 1114 vobiscum,
514 1066 531 1105 o
554 1045 734 1115 Alexander,
758 1047 956 1107 contendisset
979 1045 1041 1116 bic,
1071 1045 1205 1124 palmam
1232 1050 1264 1109 ei
1290 1049 1378 1110 ultro
1400 1050 1512 1111 addixis-

204 1164 283 1208 sem:
317 1149 493 1215 nunciam,
527 1148 595 1224 quia
618 1147 697 1225 (prod
720 1148 878 1208 iudicatum
902 1147 991 1210 semol
1015 1148 1063 1209 bic
1084 1156 1129 1208 est
1153 1151 1345 1218 rescindere
1378 1150 1450 1211 illud
1477 1152 1512 1211 rs

205 1248 357 1327 probibet,
382 1266 478 1328 neque
501 1251 691 1308 constitutum
715 1257 782 1309 ante
804 1250 937 1310 ordinent
960 1268 1079 1310 movere
1094 1249 1179 1319 licet,
1205 1255 1288 1313 satis
1304 1252 1424 1314 babere
1438 1253 1512 1314 decet

206 1359 248 1421 te,
283 1352 410 1419 Armini,
446 1351 502 1410 boc
524 1353 553 1410 in
577 1351 665 1411 animi
687 1353 827 1411 sententia
852 1371 916 1412 esse
938 1352 1026 1428 milri,
1061 1351 1138 1429 quod
1168 1352 1279 1413 vorbis
1304 1374 1432 1434 quoque
1451 1374 1511 1435 pro

137 1454 407 1522 crtuirnciassern,
431 1455 455 1512 si
478 1471 544 1513 cum
567 1454 628 1511 istis
650 1452 820 1513 ambitiosus
842 1460 883 1513 tu‘
897 1471 961 1514 esse
983 1452 1139 1520 voluisses;
1163 1455 1236 1532 quia
1254 1474 1333 1516 sero
1348 1458 1433 1518 feristi
1447 1457 1534 1517 libet·

204 1562 285 1615 rotor
308 1556 487 1623 Germanias,
512 1562 540 1613 et
562 1552 640 1614 bello
662 1573 717 1632 pro
740 1554 874 1616 liliertate
896 1562 1033 1632 suscepto
1056 1557 1196 1616 invictum
1226 1575 1344 1618 omnes
1375 1560 1509 1619 conlitea-

204 1664 266 1726 tnr,
291 1675 386 1735 neque
408 1656 448 1717 ibi
472 1655 515 1717 vel
537 1657 660 1734 periculi
683 1656 749 1735 plus
773 1658 907 1719 exhausit
929 1658 1082 1736 quisquam
1106 1656 1149 1717 rel
1173 1659 1334 1719 commodi
1367 1661 1399 1720 in
1423 1659 1508 1739 publi

203 1778 271 1819 curn
294 1760 447 1826 assecutus
470 1765 527 1828 cst,
558 1758 654 1836 placet
676 1774 742 1818 cum
766 1759 865 1818 Brutis
887 1775 999 1843 ponere
1021 1765 1051 1818 to
1074 1765 1103 1817 el
1124 1758 1202 1818 inter
1223 1762 1339 1837 patriae
1371 1761 1508 1823 libertus

203 1861 330 1921 vindices
352 1863 448 1939 primo
470 1860 553 1928 loco;
577 1859 723 1920 Mercurio
747 1868 844 1920 aulem
867 1861 937 1921 lmic
958 1860 1109 1938 negotium
1131 1860 1186 1927 do,
1216 1867 1252 1919 ut
1278 1863 1310 1922 iu
1334 1864 1424 1929 loro,
1453 1863 1507 1940 pla·

202 1965 270 2033 teis,
295 1964 388 2031 circo,
412 1963 503 2023 triviis
526 1968 554 2023 ct
576 1962 678 2022 ubiubi
701 1963 853 2023 bominum
876 1982 910 2023 ac
933 1963 1055 2023 deornm
1079 1962 1245 2039 frequentia
1279 1971 1342 2033 est,
1377 1978 1529 2045 pronun-¹³

202 2067 259 2126 ciet
279 2066 441 2126 Arminium
472 2065 653 2126 Cheruscum
682 2064 880 2134 liberrimum,
914 2064 1134 2124 invictissimum
1163 2069 1193 2122 ct
1220 2063 1502 2150 Germanissimun.

202 2169 303 2244 sicque
325 2167 424 2226 iubeat
447 2169 554 2244 possim
577 2166 615 2226 ab
638 2166 775 2227 omnibus
797 2166 953 2226 acclamari
975 2165 1045 2227 tibi:
1069 2164 1100 2224 ld
1116 2164 1195 2242 quod
1211 2164 1376 2227 decretum
1395 2175 1426 2229 el
1441 2186 1502 2228 con·

202 2269 335 2328 stitutum
359 2275 435 2336 esto,
460 2286 555 2346 neque
577 2267 628 2328 ulli
651 2269 775 2347 posthac
797 2268 942 2347 refragari
965 2268 1057 2329 liceat.

133 2373 191 2423 §.m
266 2390 461 2431 nrisxasnun.
499 2371 536 2429 dt
563 2373 678 2431 servivit
705 2371 861 2449 aliquando
888 2371 951 2439 bic;
982 2389 1035 2447 ego
1063 2386 1181 2446 semper
1210 2386 1288 2439 rex,
1318 2388 1445 2450 semper
1465 2372 1500 2430 lui

199 2471 283 2531 liber.
1505 2488 1526 2526 a

263 2594 422 2635 anururvs.
460 2573 522 2651 Ego
545 2575 664 2636 nrinime
688 2595 757 2634 vero
780 2582 877 2635 mente
900 2574 1044 2635 obnoxius
1067 2571 1117 2632 ulli
1139 2589 1273 2650 unquam
1299 2573 1360 2633 lui:
1385 2592 1498 2652 semper

199 2676 276 2735 enim
298 2674 440 2736 libertatis
462 2687 592 2746 irremor,
616 2696 683 2736 cum
706 2677 782 2737 aliud
807 2676 877 2737 nibil
900 2677 1040 2753 agitarem
1062 2676 1159 2735 aniano
1182 2675 1239 2735 nisi
1260 2676 1421 2753 quomodo
1436 2694 1497 2755 pos

199 2795 262 2837 sem
284 2776 381 2837 oblata
404 2780 558 2840 occasione
580 2781 679 2840 iurare
703 2773 843 2856 patriam,
872 2779 901 2837 in
930 2777 977 2838 illa
1002 2776 1186 2856 popularium
1209 2779 1365 2837 seruitutis
1389 2780 1497 2855 patieu-

199 2880 254 2949 tia,
278 2879 373 2940 donoc
396 2881 470 2940 lacta
493 2889 634 2960 prestare
656 2898 714 2940 non
738 2882 835 2959 potui,
859 2879 1012 2940 consilimn
1035 2897 1152 2958 quoque
1175 2877 1359 2939 dissimulavi
1376 2888 1407 2940 et
1422 2879 1497 2939 dau·

200 2999 261 3041 sam
285 2983 362 3042 intra
383 3000 431 3044 mc
454 2983 595 3043 libertatis
619 3002 720 3044 carram
744 2984 834 3043 lentii.
1270 2996 1275 3003 ’
1502 2996 1523 3035 ²⁵

130 3088 189 3139 lli·
263 3096 466 3146 sriuxnuuua:
498 3085 560 3145 lloc
583 3087 727 3165 estquod
751 3084 927 3153 leruntilll,
959 3102 1017 3143 non
1046 3082 1162 3142 licuisse
1190 3081 1244 3142 tibi
1266 3074 1440 3144 desciscere
1460 3083 1495 3143 ab

141 3217 145 3223 -
197 3187 232 3246 iis
254 3206 381 3265 quorum
404 3186 495 3247 semel
517 3189 617 3266 ingmn
641 3190 813 3266 accepisses

260 3280 419 3351 arcuimus.
457 3292 551 3368 Atque
574 3291 631 3351 lroc
653 3297 697 3349 est
719 3289 797 3367 quod
822 3306 876 3365 ego
900 3295 1002 3348 contra
1023 3287 1205 3364 respondeo,
1229 3304 1329 3364 neque
1345 3290 1495 3366 accepisse

197 3392 297 3469 iugum
320 3372 368 3452 mc
390 3391 435 3451 vel
457 3393 554 3451 animo
576 3394 606 3451 in
628 3393 798 3452 servitutem
830 3392 1030 3458 consensisse,
1065 3406 1174 3466 neque.
1190 3388 1214 3447 si
1243 3406 1280 3447 eo
1309 3391 1494 3450 necessitatis

196 3493 295 3572 iniquo
318 3493 416 3573 aliquo
440 3501 573 3572 tempore
595 3501 715 3553 coactus
744 3512 792 3553 mo
820 3492 1050 3570 impedivissern‚
1084 3508 1143 3549 uon
1172 3489 1288 3549 licuisse
1320 3508 1377 3568 per
1407 3506 1523 3553 orca-si

195 3596 323 3665 sionem,
347 3596 584 3675 quandocunque
608 3615 641 3655 ea
664 3615 696 3655 se
719 3596 861 3664 dedisset,
885 3593 952 3654 inde
975 3610 1079 3652 rursus
1094 3588 1240 3670 expediri:
1264 3609 1335 3651 nam
1352 3594 1435 3672 quod
1452 3595 1494 3653 ius

196 3696 306 3758 babere
328 3705 424 3776 potest
446 3700 496 3776 qui
519 3705 631 3757 naturus
655 3698 829 3758 borrellciurn
852 3695 936 3756 alteri
952 3695 1057 3772 eripit?
1080 3693 1124 3754 rel
1140 3710 1206 3772 quse
1221 3694 1327 3753 iniuria
1344 3701 1493 3755 estonum

196 3798 252 3858 slbi
276 3799 415 3860 violenter
438 3800 602 3861 detractum
626 3802 688 3878 pari
713 3799 845 3860 violentia
868 3797 1067 3875 reserperarel

127 3905 185 3954 §.ta
259 3922 455 3964 aurxnunse.
492 3903 636 3962 Attidem
660 3901 793 3962 (luderes

259 4002 418 4066 sommus.
456 4003 493 4064 Ut
516 4004 634 4080 indigne
658 4003 765 4083 aliquid
788 4008 923 4080 paterer,
947 4016 1006 4059 riou
1030 3999 1184 4059 dederam:
1206 3999 1288 4087 poltri
1310 4005 1413 4059 tanuen
1437 3999 1489 4059 bo·
1499 4000 1529 4049 π’

194 4115 274 4168 nesto
297 4115 326 4168 et
347 4105 507 4167 liberaliter
529 4124 650 4183 parere,
681 4108 705 4165 si
728 4104 860 4174 modeste
882 4102 922 4163 illi
943 4109 974 4161 et
996 4099 1119 4160 uiriliter
1140 4100 1288 4177 imperare
1311 4099 1491 4167 i·oluisseut;

192 4209 244 4269 sed
267 4217 298 4268 ut
321 4209 467 4269 dedissem
488 4215 633 4267 extortam
657 4208 682 4267 vi
700 4214 734 4267 ‘et
755 4206 875 4274 iniuria,
899 4203 1064 4265 communis
1087 4202 1144 4262 lroc
1166 4202 1221 4260 rita
1244 4201 1378 4271 saucivit,
1402 4202 1491 4262 iidem

192 4328 251 4370 nou
274 4328 338 4371 esse
361 4327 448 4388 quarn
472 4315 605 4388 raptores
628 4310 747 4385 exigunt
775 4306 812 4367 ab
841 4307 883 4366 eis
910 4307 959 4382 (μή
990 4305 1164 4364 necessitate
1193 4303 1287 4377 coacti
1313 4319 1348 4363 ea
1381 4322 1490 4364 corme-

126 4412 266 4472 cunum
289 4412 387 4479 lacile,
421 4410 529 4489 ‹piribu's
558 4420 613 4471 noc
641 4410 696 4488 ipsi
725 4426 827 4469 carere
857 4408 965 4467 debent
995 4425 1049 4465 nec
1072 4408 1113 4466 uti
1135 4406 1186 4484 «ptri
1207 4404 1334 4481 rapiunt.
1382 4405 1489 4474 Porro.

137 4542 140 4547 ·
194 4516 242 4591 qni
265 4513 348 4573 alteri
372 4513 470 4590 iugum
495 4514 604 4579 iniecit,
628 4530 725 4571 nonue
749 4519 871 4570 cateruis
894 4509 947 4568 sibi
971 4508 1132 4567 olmorirnn
1155 4505 1260 4574 habet,
1290 4513 1439 4583 quatenus
1462 4508 1522 4566 vio

193 4631 386 4641 .-.-...----

261 4697 268 4730 ¹
288 4700 464 4749 llurlmricnm
486 4703 524 4749 ll.
571 4697 746 4763 ⁷prohibent
765 4700 788 4745 1.
