3276 5414
252 757 466 822 inscriptionem
484 758 609 808 dedimus
628 765 658 808 ut
677 760 736 823 ipse
754 760 895 808 Huttenus
914 758 1013 808 deleta·
1033 759 1152 823 priorum
1178 758 1364 824 exemplorum
1390 775 1478 809 exem·

184 841 257 908 plari
274 844 428 893 Parisicnsi
454 845 524 908 quod
549 860 574 893 a.
590 842 663 893 1519.
684 844 825 908 prodierat
847 843 984 908 hodieque
1009 845 1082 892 inter
1105 843 1190 892 libros
1214 843 1376 908 reipublicae
1401 842 1478 892 Turi·

183 928 275 977 censis
294 928 458 978 adservatur
476 928 595 991 (indicis
613 928 741 993 bibliogr.
760 943 833 977 num.
847 929 934 978 XVII.
948 928 998 991 5.),
1020 928 1185 993 adscripsit,
1205 929 1259 978 uisi
1278 929 1350 994 quod
1363 928 1431 994 Epa.
1451 933 1479 978 et

183 1013 286 1075 Dlalop:
305 1013 430 1061 omnibus
449 1014 505 1062 suis
524 1013 627 1062 litteris
647 1013 828 1063 exhibuimus.

252 1098 294 1145 De
314 1097 446 1162 exemplis
465 1098 499 1146 ad
518 1098 590 1148 hane
609 1098 759 1148 editionem
778 1098 931 1162 parandam
950 1098 979 1147 in
997 1097 1149 1147 subsidium
1172 1100 1282 1148 voeatis
1306 1098 1381 1161 conf,
1406 1097 1478 1148 Indi·

185 1183 390 1232 eemn.XV11.
427 1199 480 1231 non
500 1183 604 1232 centuli
623 1186 693 1234 as.
715 1186 863 1247 saneque
883 1182 917 1232 ad
936 1184 1088 1247 marginem
1108 1199 1125 1232 a
1143 1184 1414 1253 Petrolisrdesiano
1432 1183 1477 1232 ad-

183 1267 288 1331 scripta
306 1265 437 1316 lemmata
456 1268 652 1332 exemplarium
671 1271 749 1317 9.10.
770 1268 956 1317 transcribere
975 1269 1063 1316 visum
1083 1273 1133 1317 est.
1169 1269 1287 1318 Hutteni
1306 1284 1430 1324 uranum.
1449 1272 1478 1316 ut

173 1351 219 1400 'ab
235 1352 293 1415 ipse
307 1351 431 1416 exemplo
444 1358 468 1402 5.
483 1352 683 1417 distinguntur,
699 1353 730 1401 H
739 1352 833 1401 littera
847 1353 875 1400 in
889 1352 1070 1401 adnotatione
1083 1352 1280 1417 significamus.
1312 1352 1354 1414 (ln
1374 1368 1408 1402 ee
1420 1351 1477 1402 solo

184 1437 308 1485 Hutteno
327 1436 515 1486 obsecundare
534 1436 623 1498 nolui,
643 1442 674 1486 at
691 1437 794 1502 abique
813 1442 917 1501 puncta
936 1436 1115 1503 initialesque
1134 1438 1246 1487 litteras
1264 1452 1396 1502 ponerem
1415 1452 1477 1502 qao·

184 1606 248 1667 gine
267 1605 408 1655 iussisset:
428 1608 506 1671 posui
526 1613 618 1656 tamen
638 1606 716 1671 plura
736 1606 827 1655 fateor
845 1622 926 1670 qnam
945 1608 969 1654 si
983 1622 1045 1655 mea
1058 1606 1164 1655 edenda
1178 1607 1297 1656 luissent
1310 1609 1476 1673 posuissem:

143 1714 148 1725 ·
183 1690 386 1756 inpedimento,
407 1706 460 1739 non
480 1692 620 1741 commodo
639 1692 773 1741 lectorum
791 1692 943 1740 Huttenum
961 1695 1073 1740 secutus
1092 1706 1193 1752 essem,
1214 1707 1294 1756 quern
1312 1693 1401 1758 ipsam
1421 1694 1478 1741 eius

183 1774 256 1824 modi
274 1790 448 1839 super-venen
466 1776 547 1840 signa
565 1777 589 1826 ai
608 1791 658 1825 sua
677 1776 782 1841 scripta
800 1790 872 1824 nune
885 1775 995 1837 ederet,
1015 1776 1177 1825 omissurum
1191 1791 1252 1825 esse
1266 1776 1383 1826 conlido.
1411 1777 1477 1839 Qnae

183 1860 330 1910 Miinclrius
349 1859 381 1908 de
400 1860 518 1910 Hutteni
543 1860 782 1910 emendationibus
806 1860 930 1925 exemplo
948 1865 973 1909 5.
994 1861 1143 1926 adscriptis
1161 1859 1283 1922 rettulit,
1309 1876 1370 1910 cum
1390 1876 1477 1925 neque

184 1945 308 2010 integras
327 1960 416 2009 neque
436 1946 568 1995 adcurate
586 1946 635 1996 sed
654 1951 758 1995 temere
778 1961 811 1995 ae
830 1946 890 1994 sine
910 1949 987 1995 certa
1005 1945 1059 1995 lide
1077 1943 1230 2006 rettulerit,
1256 1946 1366 1996 omnino
1386 1946 1476 2010 sperni

183 2030 334 2094 poterant.)
370 2030 447 2079 ldem
465 2029 597 2079 librorum
615 2031 712 2091 index,
737 2031 761 2079 si
780 2046 926 2095 quamnam
945 2031 1155 2096 inscriptionem
1180 2031 1256 2080 edita
1280 2031 1409 2097 exempla
1431 2031 1477 2081 ba·

182 2114 269 2164 beant
286 2129 366 2164 nosse
384 2115 468 2175 velis,
494 2115 635 2165 adeundus
654 2120 706 2166 cst.

250 2301 369 2351 Hutteni
388 2301 423 2351 ad
440 2302 610 2352 Henrichum
629 2302 796 2352 Stmmerum
815 2303 944 2367 praefatio
964 2307 992 2352 st
1009 2301 1124 2351 Ioannis
1141 2301 1274 2352 Frobenii
1293 2303 1328 2352 ad
1346 2302 1478 2354 Thamara

182 2387 288 2436 Morum
311 2385 405 2435 idibus
427 2387 628 2438 Novembribus
651 2404 678 2437 a.
699 2387 772 2437 1518.
797 2388 902 2452 scripta
926 2386 1047 2452 epistula
1073 2402 1122 2436 sue
1152 2402 1267 2451 quaeque
1290 2388 1353 2438 loco
1382 2387 1436 2436 vol.
1456 2388 1477 2437 1.

184 2471 260 2520 edita
278 2474 329 2520 est.
363 2487 390 2535 p.
404 2469 462 2520 217.
476 2487 534 2536 sqq.
552 2470 612 2521 220.
626 2486 666 2537 sq.
707 2473 832 2522 Exeunte
851 2486 945 2521 mense
964 2471 1087 2537 ancorato
1104 2471 1177 2522 hunc
1197 2472 1337 2538 dialogum
1360 2473 1478 2522 nendum

183 2553 353 2621 publicatum
373 2555 458 2605 irrisae
486 2557 608 2607 ostendit
626 2556 762 2623 Spiegelii
785 2557 820 2606 ad
838 2558 982 2605 Erasmurn
1000 2557 1062 2606 Ilot.
1087 2558 1176 2622 pridie
1195 2557 1336 2606 Kalendas
1355 2556 1478 2622 Septem·

182 2641 246 2691 bres
265 2657 289 2690 a.
306 2639 379 2690 1518.
399 2641 505 2706 scripta
524 2641 658 2707 epistula,
679 2658 759 2707 qnam
777 2643 832 2692 vol.
847 2643 869 2690 l.
889 2642 962 2690 inter
978 2642 1112 2692 LXXXV.
1133 2648 1161 2692 et
1179 2642 1327 2691 LXXXVI.
1348 2641 1479 2693 exhibere

183 2726 365 2789 debebamus,
385 2725 425 2775 ibi
444 2742 509 2776 vere
528 2728 657 2777 omissam
675 2743 748 2777 nune
767 2727 841 2776 infra
858 2731 924 2792 apto
938 2725 1029 2804 alique
1042 2726 1103 2776 loeo
1117 2727 1296 2792 repetendam
1310 2728 1478 2778 curabimus.

249 2998 290 3048 Ad
308 2999 381 3048 hunc
399 2998 539 3065 dialogum
559 3000 677 3048 Hutteni
696 3000 815 3049 Luciani
835 2999 1003 3049 declamatio
1022 3014 1082 3063 qum
1105 3004 1136 3047 ut
1159 3000 1231 3064 apud
1249 3016 1298 3049 nos
1323 2999 1391 3063 (nisi
1410 3000 1480 3065 qnod

181 3082 293 3132 Febrim
305 3083 327 3131 l.
341 3082 568 3149 interposuimus)
592 3085 772 3134 Huttenieum
792 3084 994 3134 Phalarismum
1012 3084 1159 3145 ltlisaulus,
1183 3086 1224 3133 ita
1249 3087 1277 3133 in
1296 3086 1478 3135 Lucianiex·

183 3165 280 3232 amplis
298 3167 457 3231 Tyrannum
476 3170 613 3233 seqnitur,
638 3185 654 3218 a
672 3170 811 3219 Frobenio
829 3170 884 3218 iarn
903 3168 1096 3218 commendata
1112 3168 1265 3219 lectoribus
1284 3165 1357 3232 Περὶ
1375 3169 1432 3219 τῶν
1449 3160 1480 3219 ἕν

181 3251 278 3318 μισθῷ
296 3248 452 3311 συνόντων,
473 3255 616 3303 etAenear
630 3252 716 3316 Sylvii
731 3252 841 3303 libellus
860 3254 888 3302 in
907 3254 1002 3303 indice
1022 3257 1115 3302 nostro
1133 3269 1160 3302 n.
1174 3254 1261 3304 XVII.
1281 3254 1310 3303 in
1329 3254 1348 3303 f.
1364 3255 1479 3308 adcura-

182 3337 237 3385 tius
256 3336 412 3402 descriptus
430 3339 538 3389 utiliter
562 3339 796 3404 conparabuntur.
832 3355 865 3388 ex
889 3338 939 3388 illa
964 3338 1073 3402 quidem
1096 3343 1183 3387 totum
1202 3339 1314 3388 blisanli
1339 3340 1479 3390 scribendi

182 3437 269 3488 genus
289 3427 316 3472 et
335 3423 415 3487 quasi
439 3423 602 3489 adparatus,
632 3441 665 3474 er
688 3424 740 3474 hoe
764 3425 851 3489 ipsius
875 3422 1093 3472 adumbrationis
1116 3438 1170 3472 non
1193 3422 1276 3473 nullae
1301 3431 1396 3489 partes
1420 3440 1480 3489 quea

181 3506 275 3572 paullo
294 3508 448 3574 apertiores
468 3524 502 3557 ae
521 3508 580 3558 fere
605 3509 756 3558 crassiores
775 3524 856 3572 quarn
874 3508 1059 3558 recentiorum
1077 3523 1181 3557 morum
1206 3506 1356 3573 elegantiae
1379 3509 1478 3567 ierant,

181 3591 316 3643 mollioris
339 3593 421 3642 huius
445 3594 538 3643 aetatis
560 3593 716 3642 hominibus
740 3593 829 3643 videri
847 3593 965 3657 possint,
996 3592 1163 3642 commodius
1187 3592 1345 3657 rectiusque
1370 3592 1479 3644 intelle-

181 3682 289 3743 gentur.
325 3679 366 3727 Ex
384 3671 509 3727 litbcnoei
528 3678 763 3744 deipnosophistis
782 3678 927 3742 (imprimis
940 3677 986 3726 Vl.
1000 3677 1042 3727 ⁶27.
1057 3678 1127 3741 sqq.)
1146 3676 1245 3739 multa,
1266 3681 1296 3725 ut
1315 3678 1350 3726 ad
1364 3676 1479 3742 exempl.

180 3769 205 3814 5.
225 3763 357 3813 nonnulla
370 3763 522 3828 supplevit,
543 3769 713 3829 sumpturum
726 3764 813 3813 luisse
832 3767 986 3821 auctorem,
1007 3763 1031 3812 si
1051 3777 1103 3827 quo
1116 3766 1239 3826 tempore
1251 3761 1401 3812 Misaulum
1414 3765 1480 3813 seri-

180 3851 249 3914 psit,
278 3848 438 3898 adcuratins
462 3849 603 3914 cognitum
627 3849 781 3910 habuisset,
801 3848 870 3898 milri
888 3847 951 3896 dnm
969 3847 1068 3896 librum
1092 3862 1225 3896 recenseo
1248 3862 1409 3913 perstrasum
1429 3852 1480 3898 est.

180 3934 266 3984 Mirer
289 3935 375 3983 etiam
398 3938 455 3982 tum
473 3933 617 3983 Plutarchi
641 3934 867 3984 commentarium
890 3934 929 3982 Ile
951 3933 1019 3982 ndrtl.
1046 3932 1075 3992 (i.
1096 3947 1119 3983 e.
1139 3932 1279 3994 Quomodo
1299 3932 1429 3982 adulator
1446 3933 1480 3981 ab

181 4020 272 4069 amieo
291 4019 441 4070 internosci
461 4019 560 4084 possit)
584 4024 641 4068 tum
659 4019 779 4069 Luciani
802 4018 836 4068 de
860 4017 984 4082 parasito
1007 4016 1146 4082 dialogum
1170 4018 1217 4067 vix
1241 4016 1395 4067 adhibitum
1420 4032 1481 4068 esso

181 4105 216 4153 ab
235 4105 368 4154 Hutteno.
