3276 5414
193 373 242 445 48
491 388 542 439 111.
586 429 591 437 .
613 404 751 439 ursnvars
771 405 793 439 s.
812 405 894 440 arna.
931 405 1080 442 nrnroovs.
1100 389 1189 455 (¹⁵¹8.)

196 608 203 615 .
256 577 420 621 ursnvavs.
459 557 562 636 Neque
591 558 648 618 boc
671 577 767 637 oeque
790 557 877 627 illud,
911 577 980 620 uam
1008 568 1038 620 et
1067 563 1184 640 sapiunt
1213 561 1303 641 aliqui
1332 562 1488 640 principes,

192 661 251 721 rari
273 659 314 719 illi
336 660 468 739 quidem,
492 659 543 720 sed
567 668 662 720 tamen
687 659 791 739 aliqui,
816 668 844 721 et
867 680 902 720 cx
925 662 1026 722 aulicis
1049 663 1167 742 qnidam
1185 661 1318 742 Ulyssem
1340 664 1489 723 imitantur

192 762 294 840 quiin
317 760 487 821 turbulento
518 761 574 821 boc
602 762 676 821 orari
704 762 874 839 nauigantes
904 782 971 822 cora
1000 763 1166 825 obtburatis
1194 762 1316 825 auribus
1346 764 1489 823 insidiosae

192 865 338 944 syrenum
361 864 504 923 cautionis
527 880 650 940 capaces
672 880 731 921 riou
754 871 823 923 sunt
845 871 874 923 et
896 864 1050 925 eonsilium
1073 867 1183 927 habeut
1210 865 1489 945 praeternavigandae

192 965 296 1046 Scyllae
311 965 492 1044 vitandaeque
508 963 670 1042 Charybdis
686 972 715 1024 et
729 965 757 1023 iu
774 966 874 1044 Syrtes
889 985 947 1026 oon
964 968 1146 1045 impingunt,
1162 975 1235 1035 ῑοοι,
1252 975 1398 1046 qnantum
1413 969 1444 1029 in
1457 987 1508 1029 ses

192 1074 250 1136 est,
274 1067 389 1128 clausos
411 1068 441 1129 iu
465 1073 530 1126 utro
554 1074 656 1125 reatos
678 1068 844 1136 continent,
869 1086 927 1146 qno
943 1070 1040 1128 minus
1055 1071 1093 1128 sit
1107 1069 1383 1147 perturbationibus
1398 1068 1489 1133 locus

257 1188 384 1231 cnsrvs.
422 1168 458 1229 Et
481 1186 540 1227 οοο
564 1175 644 1228 recte
667 1168 698 1226 ut
721 1168 777 1226 boc
800 1170 878 1246 quod
901 1170 947 1229 isti
971 1171 1108 1240 suadent,
1139 1179 1171 1231 ut
1194 1191 1247 1231 nos
1270 1173 1400 1250 tempori
1422 1190 1490 1232 con·

193 1273 354 1333 lormcrnus
377 1278 406 1331 et
427 1288 540 1338 sceoae,
565 1276 596 1328 ut
618 1270 727 1339 lentur,
752 1271 921 1331 serviamus.

257 1391 421 1436 msavavs.
460 1373 532 1431 liuor
556 1371 664 1430 decoro
688 1379 769 1431 recto
791 1373 815 1431 si
838 1375 940 1449 possis.
988 1382 1130 1453 quantum
1159 1374 1282 1436 dedecet
1304 1376 1386 1436 euim
1409 1362 1492 1436 dte.

193 1477 338 1552 πεκίζιιν
359 1462 442 1553 πρὸς
464 1465 581 1551 ἑτέραν
604 1460 777 1549 ἀλώπεκα,
802 1475 880 1551 quod
903 1473 969 1536 aula
992 1479 1020 1535 io
1044 1480 1148 1554 primis
1170 1477 1276 1552 erigit?
1298 1495 1392 1554 porro
1415 1477 1488 1537 diffi-
1500 1501 1520 1540 ιι

193 1580 249 1640 cile
273 1585 317 1639 est
339 1577 379 1638 ibi
402 1577 553 1635 continere
576 1583 621 1644 te,
646 1575 723 1634 uodo
746 1577 842 1636 cuntis
865 1576 961 1636 cxrrlat
985 1580 1178 1647 rtrrrrtiuentim
1203 1586 1231 1638 ct
1246 1578 1425 1639 invidiosum
1448 1586 1492 1639 cst

194 1701 261 1743 rrum
284 1680 361 1758 lupis
384 1685 548 1738 versantem
571 1675 657 1738 simul
680 1696 738 1736 uon
763 1677 891 1746 ululare,
915 1679 1046 1757 miliique
1062 1680 1176 1739 ridetur
1192 1680 1376 1757 paucissimis
1392 1679 1490 1741 datum

193 1803 258 1845 csse
280 1781 464 1860 chlamydem
486 1778 572 1839 simul
596 1798 631 1839 ac
653 1778 773 1856 pallium
797 1780 883 1839 lcrrc.

124 1901 183 1952 ero.
259 1872 460 1949 enervent
482 1879 657 1959 praeclarum
681 1881 751 1941 mibi
776 1882 889 1942 rirlctur
918 1882 1025 1942 multos
1054 1881 1165 1942 babere
1192 1883 1319 1953 aulicos,
1351 1883 1383 1943 id
1413 1882 1491 1961 quod
1549 1875 1556 1891 '

193 1988 275 2049 robis
297 1984 426 2067 proclive
449 1991 501 2044 est.
1501 2009 1521 2046 n

257 2107 422 2152 ursavnvs.
461 2086 563 2165 Neque
585 2085 715 2165 proclive
738 2085 775 2145 ob
799 2104 936 2163 perversa
960 2084 1033 2146 aulae
1055 2086 1168 2155 studia,
1197 2104 1292 2164 neque
1314 2087 1339 2145 si
1360 2086 1390 2145 id
1414 2104 1491 2147 asse·

193 2195 242 2273 qui
271 2192 383 2270 possis,
419 2205 477 2246 uno
507 2186 572 2264 plus
600 2190 695 2247 arnico
718 2195 798 2248 recle
828 2188 934 2256 tutaris,
969 2187 1012 2247 rel
1036 2187 1165 2249 Hesiodo
1189 2188 1387 2265 persuadente
1410 2189 1492 2247 cuius

194 2305 237 2356 cst
259 2295 316 2353 boc
332 2282 428 2368 Μηδὲ
452 2279 672 2365 πολύξεινον,
691 2277 767 2368 pqd'
787 2279 921 2364 ἄξεινον
943 2280 1135 2350 καλέεσθαι.
1169 2291 1255 2351 Certe
1271 2291 1364 2357 eninr,
1390 2307 1490 2368 quem·

193 2394 351 2467 admodum
375 2389 545 2451 Aristoteles
567 2392 655 2450 sentit
677 2409 795 2450 οοιονια
819 2393 935 2468 pertitus
958 2393 1114 2452 arnicitiam
1137 2391 1296 2453 excludere
1319 2410 1376 2453 neo
1405 2388 1491 2451 ullius

125 2542 137 2565 .
194 2495 435 2558 corrsuetndioem
459 2493 614 2552 admittere
637 2492 763 2552 lerinum
788 2512 852 2554 esse
875 2501 904 2553 et
926 2494 1133 2561 iniucundum,
1156 2494 1195 2553 ita
1219 2512 1273 2570 ego
1296 2500 1368 2570 puto
1384 2491 1523 2557 nautius-2.

194 2599 305 2660 babere
328 2596 438 2656 amicos
461 2594 589 2653 bominis
611 2613 675 2653 osse
698 2593 805 2654 nullius
828 2597 871 2655 rei
894 2594 1039 2655 delectum
1064 2594 1211 2663 habende,
1234 2593 1307 2654 nihil
1322 2601 1492 2654 constanter

125 2700 344 2770 colementis:
368 2697 422 2757 nisi
445 2696 555 2763 anricos
578 2715 663 2755 rocas
686 2697 736 2773 qui
760 2698 846 2757 uicies
868 2697 914 2756 dic
937 2697 1063 2757 salutant
1086 2704 1114 2756 et
1137 2696 1207 2757 dom
1230 2705 1259 2757 tc
1286 2695 1341 2755 sibi
1364 2684 1491 2755 vicissim

194 2802 342 2864 adsentari
365 2798 477 2865 volout,
509 2815 604 2874 genua
627 2797 782 2862 inclinant.
813 2799 891 2858 uudo
915 2800 1010 2876 capite
1033 2805 1204 2865 ocirursant,
1238 2799 1364 2858 atertio
1397 2815 1492 2876 usque

192 2908 294 2984 ingere
317 2902 450 2961 dextram
473 2901 636 2977 porrigunt.
675 2907 704 2959 et
727 2899 843 2977 quidam
867 2899 1120 2978 sesquiuluaribns
1142 2898 1296 2960 ailrolutos
1319 2898 1398 2958 tibiis
1422 2915 1491 2958 con·

193 3009 274 3067 tiuuo
298 3004 366 3064 tbus
388 3001 458 3062 illud
481 3001 607 3061 aulicum
631 3002 796 3078 adspergit,
826 3003 978 3079 inagnilica
1002 3003 1160 3079 promissa,
1192 3003 1325 3078 ingentes
1347 2999 1524 3078 pollicita-2⁸

194 3133 397 3147 ..ρ-,σ-

261 3192 271 3225 ⁸
290 3191 426 3242 olrluratis
447 3193 505 3238 M.
522 3188 559 3250 (et
573 3191 627 3249 13).
641 3189 688 3236 sed
700 3187 716 3236 λι
729 3189 914 3252 suprascripsit
927 3190 962 3237 H.
1025 3187 1036 3218 ⁵
1055 3203 1106 3253 que
1126 3191 1161 3237 nd
1177 3187 1293 3254 'vitanda
1311 3189 1440 3252 adserips.
1456 3187 1491 3236 H.

194 3279 341 3332 charibdis
358 3281 383 3325 5.
404 3291 449 3323 ner
473 3290 542 3322 corr.
557 3273 593 3323 II.
614 3273 773 3337 llespieitnr
790 3271 816 3320 h.
832 3272 848 3321 l.
868 3288 964 3323 versus
984 3273 1110 3322 Gunlteri
1129 3266 1292 3322 Castelliou.
1317 3271 1440 3332 „lucion
1462 3271 1492 3319 in

194 3362 314 3428 Scyllam
333 3361 380 3425 qui
399 3356 458 3409 vnit
476 3360 567 3406 ritore
587 3356 780 3419 Charybdim'.
840 3357 851 3388 ⁸
871 3357 980 3406 clausos
998 3356 1058 3423 ete]
1079 3358 1122 3407 Cf.
1136 3356 1242 3423 Vergil.
1256 3358 1323 3406 Acri.
1338 3356 1360 3406 1.
1374 3354 1417 3405 55.
1431 3372 1490 3420 sqq.

194 3448 275 3499 Orid.
290 3447 379 3495 Artior.
395 3444 444 3492 lll.
464 3444 542 3504 lesia.
562 3443 675 3490 blatam.
689 3441 781 3490 Xllll.
796 3441 854 3490 ’λ’ὶλ.
862 3458 920 3507 sqq.
962 3444 1179 3507 perturbationis
1193 3446 1236 3492 13.
1273 3442 1283 3473 ⁸
1301 3456 1405 3491 scoeuoe
1418 3444 1491 3492 1...3.

194 3538 292 3584 Sceuae
305 3530 418 3585 sarrire„
432 3534 462 3576 ut
475 3543 523 3576 nos
536 3530 560 3575 in
573 3529 658 3575 reirrer
670 3527 739 3576 lloilc
753 3527 857 3576 bleiben.
883 3527 926 3576 cf.
941 3529 1000 3577 Cic.
1015 3545 1057 3592 cp.
1072 3528 1106 3576 ud
1119 3529 1195 3577 Brut.
1210 3525 1262 3576 tu.
1316 3526 1405 3574 fertur
1421 3542 1490 3575 corr.

194 3621 229 3669 ΙΙ.
247 3618 327 3667 aiunt
338 3616 397 3663 edd.
449 3611 490 3643 ⁹³⁰
502 3601 637 3676 ailonem]
656 3600 760 3676 Vulpes
778 3611 886 3676 vulpem
906 3612 1035 3676 decipere
1055 3613 1122 3662 vult.
1153 3611 1246 3661 Zeuob,
1262 3612 1285 3661 I.
1298 3611 1322 3659 7.
1336 3628 1359 3660 e.
1377 3613 1491 3675 interpp.

192 3706 225 3755 de
251 3705 286 3754 iis
310 3702 356 3767 qni
375 3700 418 3749 sui
441 3696 547 3748 similes
571 3695 633 3746 dolo
662 3696 859 3760 fraudibusque
888 3696 1115 3747 circumscribere
1143 3701 1289 3761 temptant.
1315 3693 1493 3759 turonum

195 3792 342 3841 Grrruitatir
364 3787 501 3836 λοααιιανι
519 3785 730 3845 accorporamur
749 3773 794 3830 οἱλ.
813 3771 887 3844 ὤραν
906 3774 1006 3844 ἔτεραν
1023 3770 1158 3831 datium
1202 3781 1297 3831 locam
1314 3781 1492 3844 corripendum

192 3891 248 3925 erre
271 3874 461 3938 eipnifirarerut
485 3867 535 3931 ΙΙ.)
589 3881 641 3930 quo
661 3870 685 3916 2.
740 3867 874 3931 imprimis
893 3870 916 3915 1.
936 3872 961 3914 et
979 3868 1031 3919 alii.
1049 3867 1097 3914 red
1115 3866 1184 3930 iupr.
1202 3869 1228 3926 5,
1253 3866 1321 3930 quod
1342 3881 1392 3913 uon
1416 3871 1492 3914 mata·

192 3964 226 4011 vit
244 3962 281 4010 H.
337 3955 356 3989 ¹¹
376 3952 572 4005 caenoso.
609 3950 630 3982 ¹²
649 3959 804 4001 versantem
818 3953 854 4001 H.
868 3954 892 4000 si
913 3952 999 4000 lucris
1016 3952 1075 4000 edd.
1134 3947 1210 4014 niul]
1230 3950 1272 3999 Oi.
1292 3949 1492 4015 Verg.Gcorg.

194 4042 288 4096 taso,
342 4041 363 4072 ¹³
383 4039 547 4089 chlamidem
561 4039 604 4086 13.
637 4036 690 4085 elil.
704 4036 784 4086 simul
804 4044 832 4084 et
850 4036 916 4100 pull.
931 4037 1003 4085 serre
1022 4037 1039 4084 i.
1055 4051 1079 4083 c.
1097 4039 1206 4083 restem
1224 4034 1344 4084 aulicam
1363 4034 1446 4083 simul
1465 4039 1494 4084 et

192 4127 420 4196 philosophicum.
439 4125 511 4173 Puto
529 4123 576 4172 bic
595 4136 701 4185 quoquc
720 4122 823 4185 respici
840 4122 938 4171 lloret.
953 4122 1043 4185 Epist.
1057 4120 1078 4169 Ι.
1095 4118 1243 4184 li,tt.sqq.
1309 4117 1330 4150 ¹⁸
1350 4119 1493 4169 ‘Amicitia

192 4213 345 4264 nrultorum'
364 4213 388 4260 iu
400 4226 480 4273 ortorp.
496 4212 554 4259 M.
599 4206 620 4238 ¹¹
639 4205 754 4255 Hesiod.
768 4205 838 4270 Opp.
853 4212 881 4254 et
893 4205 919 4254 d.
933 4203 992 4255 713.
1005 4205 1120 4270 „Neque
1134 4204 1280 4254 nrrtltortun
1292 4204 1395 4270 bospcs
1414 4205 1493 4265 lami·

192 4298 254 4363 cus)
272 4313 361 4362 neque
381 4296 442 4345 aine
460 4294 571 4358 bospite
591 4306 652 4341 essa
670 4291 800 4340 dicaris''.
836 4284 985 4341 ααλέεσσαι
1004 4295 1028 4340 5.
1083 4290 1103 4322 ¹⁸¹
1122 4290 1305 4341 bocean.
1344 4289 1413 4339 illud
1431 4291 1491 4340 edd.

191 4386 274 4435 Certe
294 4382 417 4432 enimll.
437 4382 474 4430 Er
491 4380 551 4429 edd.
600 4375 620 4408 ¹⁹
633 4377 746 4425 Aristot.
762 4375 817 4425 etlr.
831 4377 936 4425 Nicom.
951 4373 1060 4425 t'111.t.
1107 4373 1128 4407 ¹¹
1141 4375 1291 4440 prudenter
1302 4378 1353 4424 1.).
1399 4373 1493 4425 ”uisi

192 4470 297 4520 amicos
314 4464 375 4532 ete]
395 4466 438 4516 Cf.
453 4464 575 4515 viridam
594 4461 808 4526 descriptionem
827 4461 969 4511 Plutarch.
983 4461 1015 4509 do
1034 4459 1138 4510 adulat.
1157 4476 1183 4525 p.
1197 4458 1240 4508 62.
1258 4459 1313 4522 (ed.
1333 4460 1431 4509 Reislr.
1445 4460 1492 4509 vt.

191 4572 218 4620 p.
231 4552 304 4615 229.)
323 4553 414 4602 Amici
434 4557 461 4601 et
479 4548 656 4600 convictores
675 4561 724 4595 seu
741 4545 875 4610 palpones
887 4545 988 4596 Auliei.
1007 4548 1032 4593 iu
1050 4562 1131 4609 marp.
1145 4548 1218 4594 did.
1272 4543 1294 4575 ²³
1314 4544 1373 4594 arla.
1395 4546 1430 4594 H.
1452 4561 1493 4594 aa·

191 4639 298 4690 scotori
312 4642 335 4686 t.
348 4644 374 4686 et
386 4644 447 4687 cett.
459 4642 560 4700 praeter
573 4637 616 4683 13.
653 4647 745 4697 genua
758 4632 794 4680 II.
809 4635 852 4682 13.
872 4631 991 4697 genibus
1002 4632 1061 4681 edd.
1097 4629 1119 4662 ²⁸
1133 4632 1229 4696 ingero
1242 4633 1286 4680 13.
1323 4629 1435 4693 quidem
1448 4633 1493 4680 1³.

191 4721 214 4757 ¹⁸
233 4723 316 4773 ''l'bus
335 4722 464 4773 aulicum'
483 4725 508 4771 ιἰι
526 4736 606 4786 mora.
621 4723 680 4770 Μ.
734 4719 859 4784 aspergit
876 4719 1001 4767 9.10.13.
