3276 5414
267 408 302 458 Χ.
373 421 498 456 nourron
518 421 668 457 soovunvo.
740 421 879 456 nranonvs
899 409 1085 457 avrraaicvs.
1107 406 1194 470 (tato.)
1299 392 1372 464 353

82 597 114 638 ea
138 578 233 638 modis
255 594 401 655 quamque
424 576 534 636 infinite
568 575 644 634 hauc
672 584 795 652 gravent
822 576 989 635 nationem?
1018 582 1107 655 utque
1136 577 1217 636 miris
1245 577 1280 636 ad
1312 595 1375 637 eam

82 697 145 740 rem
169 677 340 757 excogitatis
362 677 463 737 Romae
485 677 599 737 artibus
621 694 679 736 nou
703 679 732 737 in
757 678 897 753 pecunias
919 684 1031 738 tantuna
1054 687 1185 746 nostraS,
1210 680 1238 738 iu
1260 692 1376 756 posses·

83 783 180 840 sioucs
203 788 232 839 et
260 781 453 858 patrimonia,
483 779 561 856 quod
591 778 661 837 satis
689 795 853 857 superque,
884 797 958 856 pene.
982 780 1066 838 etiarn
1090 781 1197 839 misere
1220 779 1378 842 dolendum

83 891 160 946 erat,
190 884 315 959 impetus
342 879 428 939 istbic
454 881 521 949 irat,
551 881 601 940 scd
632 888 659 939 et
688 880 776 958 (quod
804 880 959 940 serendum
987 896 1171 958 nequaquam
1201 889 1260 951 est,
1289 882 1378 942 modo

61 984 239 1042 adbristiaui
262 1001 326 1042 esse
350 981 471 1041 velimus
493 981 522 1040 et
552 982 605 1040 riri
634 997 698 1042 esse
725 979 856 1060 volimus)
884 983 913 1040 in
941 998 1040 1041 mores
1069 982 1118 1042 hic
1145 1000 1198 1041 no·
1220 980 1228 1051 Ι
1250 981 1321 1064 233³
1332 990 1378 1018 ⁰⁰¹¹·

82 1092 160 1143 stros
182 1084 337 1143 mitissima
366 1089 465 1160 serpat
486 1100 501 1140 a
526 1083 689 1161 depravatis
711 1082 849 1143 Romanae
872 1065 993 1142 civitatis
1017 1083 1128 1142 vivendi
1151 1082 1255 1143 ritibus
1278 1090 1377 1143 couta-

83 1187 149 1261 gio?
172 1185 208 1244 de
231 1183 478 1261 indulgentiarum
503 1185 653 1253 rirrndiuiS,
678 1186 853 1263 gratiarum,
878 1185 1143 1262 dispensationum,
1166 1183 1447 1246 relaxationomin.

84 1294 113 1345 ct
128 1285 344 1345 absolutionum
360 1293 539 1370 mercatura,
563 1305 597 1345 ac
619 1288 698 1346 auriti
718 1305 797 1346 nrrnc
820 1289 948 1346 exercito
964 1284 1110 1346 bullarum
1127 1303 1177 1362 ge·
1200 1281 1207 1348 l
1230 1284 1380 1371 ,lgffiss‘ss„5'“·
1434 1320 1442 1337 ·

84 1405 164 1455 nere,
181 1386 216 1445 de
233 1385 323 1455 dolis,
340 1387 507 1455 fraudibus,
523 1387 652 1455 technis,
669 1390 820 1456 versutiis,
837 1387 919 1456 laren,
936 1387 1090 1464 decimilia,
1108 1386 1272 1456 calliditate,
1288 1383 1373 1454 launa

52 1489 297 1567 rosycopbantiis,
321 1490 459 1567 pertidia,
483 1489 665 1557 infidelitate,
691 1490 843 1566 periuriis,
859 1487 1034 1566 sacrilegiis,
1050 1488 1250 1563 fictionibus}
1274 1510 1306 1546 ao.
1323 1517 1380 1551 aaa..

86 1588 217 1657 fallatiis,
243 1589 409 1658 raluumiis,
434 1590 632 1660 coutumeliis,
656 1589 775 1658 malitia,
800 1590 936 1658 audacia,
960 1587 1051 1659 ludiS,
1076 1588 1227 1660 ludibriis,
1250 1591 1380 1654 luditica-

88 1690 228 1759 tionibus,
255 1693 349 1760 tricia,
374 1690 627 1761 fascinationibus
653 1692 779 1769 insidiiS,
804 1691 983 1758 terroribus,
1000 1691 1100 1759 minis,
1124 1694 1293 1770 praestigiiS,
1318 1696 1379 1755 lur-

87 1794 135 1859 tis,
154 1794 276 1870 reminis,
293 1792 571 1872 harpagatinnibus,
595 1794 723 1863 astutiis,
740 1792 847 1871 quibus
863 1792 992 1851 brrmauo
1009 1793 1110 1868 generi
1126 1793 1281 1870 imponunt
1296 1796 1315 1855 ii
1332 1797 1381 1875 qui

86 1894 217 1953 ecelesia
240 1913 318 1953 nunc
340 1902 441 1954 teuent
462 1894 679 1972 gubernacula?
708 1895 814 1954 deinde
836 1886 1084 1972 quemadmodum
1108 1900 1167 1953 stu·
1190 1909 1197 1977 Ι
1220 1893 1450 1971 ᾗῇῗξᾝῶἱιο.

53 1995 176 2055 iaileant
198 1996 252 2064 illi,
276 2000 341 2055 sucu
371 2003 403 2055 ut
431 2014 486 2056 nos
515 1997 654 2064 doceant,
684 1997 763 2074 quod
793 1997 999 2074 opiscoporum
1022 1995 1123 2073 utique
1145 2002 1174 2054 et
1196 1996 1381 2058 sacerdotum

88 2105 151 2156 erat
174 2097 317 2165 odicium,
347 2097 398 2157 sed
422 2104 453 2156 ut
475 2097 612 2175 diripiant
635 2105 663 2157 et
687 2096 858 2175 compilant,
888 2097 1004 2175 quoda
1028 2097 1158 2174 tyrannis
1180 2099 1269 2156 metui
1293 2099 1381 2169 solet;

88 2217 144 2257 uec
167 2206 199 2257 ut
220 2197 358 2258 meliores
380 2216 434 2257 nos
458 2199 560 2258 iaciant
587 2199 766 2274 erudiendo,
795 2198 847 2258 sed
876 2206 908 2258 ut
936 2197 1079 2274 rapiendo
1107 2198 1273 2258 tenuiores?
1301 2210 1329 2260 et
1351 2209 1384 2261 ut
1421 2205 1428 2220 '

15 2350 17 2355 .
88 2300 185 2358 ornnia
209 2298 310 2359 licina·
332 2299 368 2358 ad
399 2307 541 2378 quastum
571 2307 781 2379 comparentur
803 2299 905 2367 bodie,
935 2301 1035 2376 pietati
1063 2297 1145 2358 locus
1174 2318 1232 2359 nou
1261 2299 1384 2385 'W’

88 2402 144 2460 sit?
167 2409 257 2478 utque
280 2400 334 2470 ibi,
358 2403 473 2478 quinties
495 2390 561 2460 nori
578 2402 754 2480 adoptantur
769 2400 951 2468 Cardinales,
976 2401 1060 2460 toties
1076 2402 1220 2460 recenteis
1235 2390 1243 2461 l
1257 2398 1384 2477 ffgffligflm

53 2502 249 2564 coadornatos
278 2501 332 2560 sibi
360 2501 534 2579 spoliatores
563 2510 592 2562 et
619 2503 774 2581 praedones
797 2504 951 2564 Germania
980 2500 1140 2578 intelligat?
1169 2510 1201 2561 nt
1230 2505 1453 2581 episcopocum.

89 2602 200 2662 babere
216 2605 371 2662 Gerruauis
393 2622 452 2663 nou
475 2603 573 2672 liceat,
598 2605 652 2663 nisi
675 2606 724 2682 qui
747 2604 847 2664 lioniae
870 2602 955 2682 pallia
979 2603 1120 2672 emerint,
1150 2622 1221 2681 quo
1245 2601 1384 2690 tlggffitl·

88 2722 157 2763 rum
180 2711 277 2763 tamen
300 2704 427 2764 venditio
451 2707 572 2765 auctiori
596 2706 690 2766 indies
712 2706 812 2783 precio
835 2705 1038 2783 proponatur?
1061 2712 1093 2764 ut
1115 2712 1307 2783 patronorum
1330 2706 1385 2768 tol·

89 2804 187 2865 lantur
209 2806 286 2873 iura,
310 2808 437 2884 antiquis
460 2807 721 2867 conseretudinibus
744 2806 913 2866 intercessio
936 2807 1001 2875 liat,
1026 2807 1151 2865 nationis
1173 2824 1180 2894 q
1202 2803 1385 2891 fitqfflgpgf‘effissf‘·

91 2907 178 2967 buius
201 2905 323 2965 libertas
345 2906 551 2977 conculcetur,
581 2905 747 2992 principum
771 2908 931 2968 authoritas
959 2907 1087 2968 ludibrio
1114 2906 1273 2976 habeatur,
1302 2916 1330 2968 et
1352 2917 1385 2968 ut

55 3033 81 3071 aa
93 3007 258 3067 sacerdotia
280 3007 328 3068 hic
350 3010 495 3068 maiorum
519 3018 689 3070 nostrorum
714 3008 886 3069 liberalitate
909 3011 1038 3068 instituta
1061 3008 1159 3086 iisqui
1176 3007 1299 3068 initalia
1316 3017 1384 3069 sunt

91 3107 202 3168 babere
226 3099 324 3176 liceat,
354 3108 507 3170 nobiseum
531 3109 600 3170 nihil
624 3129 781 3170 commune
810 3128 934 3189 usquam
964 3111 1018 3187 ipsi
1047 3110 1191 3170 habeant?
1220 3119 1310 3188 utque
1333 3111 1455 3170 dist-¹⁸.

92 3209 230 3268 omuibus
252 3221 426 3271 occurratur
447 3210 573 3290 publicae
596 3211 740 3280 libertati,
764 3219 793 3272 et
815 3231 848 3271 ea
871 3213 957 3271 toties
980 3214 1035 3270 iarn
1059 3210 1240 3288 repullulans
1263 3213 1386 3271 enutrita

92 3312 146 3378 sit,
170 3312 319 3388 respirans
342 3313 513 3389 praelocata,
543 3332 715 3391 remergens
738 3313 892 3391 depressa,
924 3314 1054 3372 renitens
1077 3330 1221 3391 conquas-
1245 3307 1251 3377 l
1274 3306 1396 3387 imppp?

92 3413 174 3471 sata?
202 3421 234 3472 ut
256 3414 329 3472 mira
354 3421 382 3472 et
405 3414 532 3474 inaudita
555 3414 751 3492 omnibusque
774 3416 922 3489 incognita
951 3411 1065 3473 saeculis
1087 3414 1267 3491 impudentia
1291 3414 1388 3472 veina-

56 3531 160 3577 aorum
184 3520 212 3572 et
235 3514 482 3576 condonationnm
505 3523 652 3576 mercatus
676 3515 723 3574 bie
745 3515 902 3584 habeatur,
924 3523 983 3574 tam
1006 3513 1111 3574 creber
1135 3521 1271 3592 tractuque
1295 3515 1388 3591 copia,

93 3623 126 3673 ut
155 3615 179 3672 is
209 3613 295 3674 ueluti
325 3615 473 3692 quoddam
502 3616 588 3675 bodie
617 3615 756 3676 diluuium
784 3624 874 3676 totam
904 3616 1024 3675 inundet
1052 3617 1161 3693 passim
1189 3615 1388 3684 Germaniam,

94 3712 172 3774 nulla
197 3714 314 3792 quidem
344 3718 507 3776 auirnarum
537 3726 705 3778 nostrarum
734 3735 820 3786 orna,
852 3717 903 3777 sed
926 3716 1087 3776 insatianda
1110 3717 1302 3794 pecuniarum
1332 3715 1388 3783 siti,

95 3834 192 3893 neque
220 3822 318 3875 tamen
347 3816 457 3893 largius
486 3817 531 3878 bae
561 3818 617 3877 sub
646 3825 789 3896 praetextu
821 3817 1007 3894 benignitatis
1035 3817 1267 3896 profundantur,
1300 3834 1388 3894 quam
1427 3848 1432 3861 ·

96 3916 254 3976 crudeliter
288 3920 599 3978 excommnuicationis
628 3918 738 3979 tulmen
769 3919 994 3996 conspergitur?
1022 3925 1113 3997 utque
1145 3936 1178 3979 ea
1202 3913 1209 3977 l
1232 3915 1388 3993 ffitgngjpgpj

59 4045 85 4084 aa
99 4036 184 4096 pecua
207 4020 236 4078 in
260 4025 372 4079 tanturn
396 4020 452 4079 iam
476 4019 601 4079 abusum
624 4021 752 4088 verterit,
776 4027 889 4080 utnon
912 4018 1007 4079 solum
1030 4020 1067 4079 ab
1091 4019 1309 4089 innocentibus
1338 4037 1389 4078 ve·
1447 4027 1449 4031 ’

95 4122 251 4179 rumetiam
274 4138 289 4178 a
313 4121 527 4180 nocentissimis
550 4120 717 4197 infligatur?
746 4122 789 4180 Ad
813 4121 946 4182 ultimum
970 4122 1007 4181 de
1029 4122 1124 4181 studio
1140 4121 1458 4188 itomanam-oman.

95 4221 175 4298 quod
191 4239 226 4280 eo
241 4219 334 4280 tendit
349 4239 446 4288 omne,
469 4228 501 4280 ut
523 4221 683 4282 alidelium
706 4222 809 4282 animis
831 4220 983 4282 aboleatur
1006 4221 1171 4299 evangeliea
1194 4219 1201 4289 l
1223 4220 1391 4298 ξζξξξᾞῧῆῃζῗ·

97 4323 220 4389 veritas,
243 4323 333 4400 inque
356 4323 418 4382 eius
441 4322 538 4382 locum
562 4310 671 4384 callida
693 4325 841 4392 dctiones,
865 4322 1016 4383 bominum
1040 4320 1270 4390 traditiunculac,
1295 4322 1390 4399 turpis

96 4421 171 4483 lucri
194 4422 377 4483 affectatione
400 4424 597 4493 concinnatas,
621 4426 844 4502 supponantur?
868 4431 896 4483 et
919 4424 1167 4502 queruadmoduin
1190 4442 1248 4482 nori
1266 4423 1294 4482 id
1310 4441 1389 4502 quac·

56 4532 167 4592 aurunt
190 4523 320 4584 eeclesia
341 4525 484 4585 antistites
505 4544 598 4594 nunc,
630 4526 778 4604 quomodo
807 4545 842 4585 er
865 4525 972 4584 Clnisti
993 4527 1124 4585 instituto
1153 4525 1249 4584 rivere
1277 4525 1391 4583 discant

94 4626 245 4693 bomines,
275 4625 327 4685 scd
356 4633 389 4684 ut
417 4625 529 4703 perdita
561 4645 613 4687 sua
642 4628 760 4711 avaritia
784 4625 949 4702 expleatur,
980 4644 1040 4688 suae
1069 4625 1154 4685 nullis
1176 4626 1309 4684 terminis
1332 4626 1387 4684 cir·

96 4727 297 4804 crunseriptae,
329 4725 415 4786 nuliis
446 4727 552 4787 tinibus
574 4727 732 4806 designatae
754 4725 906 4786 ambitioni
936 4744 1000 4786 mos
1022 4728 1161 4803 geratur?
1191 4724 1233 4785 De
1255 4724 1314 4793 his,
1343 4725 1457 4787 iii-§.u

156 4828 289 4878 Hvarrrm
303 4827 370 4877 Orr.
385 4843 447 4878 von.
463 4829 528 4879 1111.
671 4905 674 4911 Ι
1124 4825 1164 4888 23
