3276 5414
268 352 339 423 362
444 367 477 416 Χ.
547 381 673 416 noanon
692 380 843 416 orovuovs.
914 378 1053 413 outoovs
1074 376 1273 413 nrrrmcvo.
1296 362 1395 427 (toto.)

330 554 529 597 rauserscrs.
567 534 611 593 Tu
635 551 694 592 uon
718 551 782 594 esse
804 531 943 607 putabas,
967 550 1022 610 ego
1046 549 1133 592 tinam
1155 549 1319 611 propono,

329 656 481 699 uourron.
519 634 612 705 Quam
637 633 732 695 illam?

217 747 225 763 '
264 734 374 821 scene}
438 755 638 798 ruaucrscvs.
676 735 714 795 Ut
736 736 766 794 in
789 734 939 794 oscitantia
963 733 1011 795 ille
1026 734 1081 794 hac
1096 734 1240 813 deceptus
1258 736 1432 813 resipiscat
1448 744 1477 795 et
1492 738 1573 795 mimis

264 841 390 918 pessime
412 839 546 898 animatis
568 836 799 905 consultoribus,
829 856 864 896 ao
891 837 1016 896 amicitia
1044 854 1110 914 quae
1132 854 1200 896 cum
1224 837 1510 915 pseudoepiscopis
1528 840 1572 914 ipsi

264 942 417 1002 intercedit
449 940 573 1016 abrupta
608 938 798 999 fortissimum
829 956 976 1017 ‹puuuque
1009 955 1044 997 ao
1080 938 1190 1015 optime
1227 938 1402 999 cordatum
1442 939 1586 999 adsciscam

263 1042 334 1111 silai,
365 1050 396 1102 ut
425 1041 548 1118 stipatus
570 1047 685 1101 caterva
707 1039 854 1099 bonorum
878 1041 955 1101 circa
978 1057 1010 1099 se
1032 1040 1161 1098 uirorum
1184 1038 1354 1101 consilium
1381 1042 1467 1101 ineat
1488 1041 1571 1101 ‹letra-

266 1145 353 1204 lrendi
376 1144 422 1203 lais
443 1143 562 1203 nimiam
584 1142 760 1221 potentiam,
790 1148 819 1200 et
847 1139 953 1201 abolita
976 1140 1182 1217 superstitione
1204 1159 1315 1202 veram
1347 1143 1515 1204 inducendi
1534 1162 1572 1202 re

264 1246 417 1323 ligiunem,
440 1244 506 1305 lldci
528 1244 641 1311 lucem,
665 1244 830 1303 Germaniae
852 1241 1015 1303 libertatem
1037 1242 1218 1302 restituendi.

196 1355 254 1405 §.tt
327 1367 476 1408 nostroe.
514 1344 615 1423 Teque
638 1345 770 1404 ministro
795 1349 892 1404 litatur
915 1343 953 1404 tut
976 1342 1099 1403 multum
1114 1344 1202 1421 apto?

263 1467 376 1503 ram
400 1447 408 1533 Ι
472 1466 672 1508 ιηιΛκοιεωέ.
711 1446 775 1506 Siue
799 1464 846 1505 me
869 1446 928 1506 sire
950 1462 1156 1524 quemcunque
1178 1445 1327 1506 idoneum
1353 1449 1492 1508 maxime
1514 1466 1594 1526 per-¹·

263 1550 408 1627 spexerit,
438 1550 521 1609 cuius
549 1549 637 1609 ductu
660 1566 708 1607 res
731 1554 808 1607 tauta
831 1556 961 1622 geratur.
1006 1564 1074 1606 uam
1102 1546 1210 1625 alioqui
1233 1547 1404 1609 decretum
1430 1550 1488 1627 ipsi
1510 1551 1571 1610 mihi

264 1658 323 1720 est,
351 1653 374 1710 si
398 1649 468 1710 nolit
490 1650 548 1710 huc
571 1648 618 1709 ille
641 1651 770 1709 altimum
792 1648 962 1719 aduertere,
994 1667 1089 1727 neque
1111 1666 1179 1725 spes
1201 1649 1258 1708 iam
1285 1648 1371 1711 ultra
1397 1653 1441 1711 sit
1464 1652 1527 1713 lore
1546 1662 1571 1711 ut

264 1754 355 1832 ipsius
369 1738 506 1830 auspiciis
528 1752 676 1811 communi
700 1752 801 1829 patriae
824 1749 1009 1819 consulatur,
1034 1751 1144 1810 audere
1166 1747 1278 1829 aliquid
1306 1770 1381 1812 meo
1408 1772 1481 1814 cunt
1504 1758 1571 1832 pen'·

264 1853 347 1925 culo,
376 1861 526 1932 uteunque
549 1852 632 1913 cedat
655 1853 712 1912 lroc
735 1853 831 1912 etiam.

196 1960 255 2010 tlt·
327 1976 477 2017 noanon.
515 1955 576 2026 Oua
606 1956 634 2014 iu
663 1973 696 2014 re
718 1956 894 2040 monitorem
917 1952 1009 2013 habes
1031 1971 1129 2014 acrem
1152 1960 1180 2013 et
1202 1952 1442 2027 vehementem,
1475 1958 1595 2018 lluttess

264 2077 363 2114 ultano.
391 2053 398 2141 Ι
422 2076 491 2118 utrm
514 2057 617 2124 istmu,
640 2057 840 2134 impatientem
863 2056 971 2121 enutris,
996 2062 1028 2115 ut
1049 2055 1149 2123 rideo,
1172 2072 1279 2124 tirone,
1305 2074 1343 2116 ac
1368 2075 1499 2120 omnem
1521 2062 1570 2121 nm

263 2158 406 2236 lapidem,
431 2157 593 2218 utilradum
617 2157 790 2218 concilietur
813 2157 888 2223 istis,
913 2164 1106 2217 eumveutem.

326 2278 526 2321 sulmeriacus.
564 2259 601 2319 Et
622 2258 746 2319 libenter
769 2265 850 2319 utor:
875 2276 942 2317 uam
965 2266 994 2317 et
1016 2259 1070 2336 ipsi
1086 2259 1205 2335 spiritus
1220 2265 1265 2319 est
1281 2258 1355 2320 lmic
1373 2263 1425 2322 rei
1442 2263 1570 2326 idoneus.

327 2379 477 2420 uorrrou.
515 2362 608 2430 liutem
638 2360 677 2420 illi
705 2367 801 2420 servet
829 2358 976 2428 (liuidus,
1012 2368 1099 2438 teque
1128 2361 1282 2420 confirmet
1312 2364 1436 2439 optima
1468 2385 1571 2426 coriau-

264 2470 323 2523 tem
346 2482 380 2521 ac
402 2479 516 2522 summe
539 2463 712 2522 necessaria.
1578 2474 1597 2511 ε·

196 2573 256 2622 cut.
328 2582 528 2625 rauremovs.
567 2563 602 2623 llt
630 2570 657 2623 te
686 2569 781 2622 servet
809 2561 913 2623 melius
935 2563 1102 2641 opinantem
1125 2563 1182 2622 iam
1204 2581 1237 2622 ac
1259 2566 1377 2626 rectius
1403 2579 1573 2630 monentem

264 2684 352 2744 quam
374 2684 441 2726 cum
464 2665 646 2726 adrenielaas

326 2788 477 2830 noanon.
514 2768 608 2838 Quam
631 2766 682 2827 tilii
705 2767 827 2843 gratiam
850 2765 958 2834 liabeo,
983 2784 1041 2843 quo
1064 2764 1217 2825 erudiente
1239 2765 1350 2827 nudior
1373 2778 1450 2832 suin
1476 2775 1573 2835 lactus.

264 2868 340 2929 Vale.
388 2870 393 2880 ‘

326 2989 526 3032 rauciacus.
566 2969 601 3029 Et
623 2977 653 3031 tu
679 2968 811 3029 icrliciter
835 2968 905 3028 vale.

332 3206 353 3239 ¹⁰
371 3206 525 3271 qrrencuuq3
547 3211 569 3257 1.
624 3205 930 3266 ¹¹uc·cl.1‘ra·‹ton.§.
949 3205 985 3254 17.
1041 3203 1060 3236 ¹¹
1080 3205 1198 3254 cedett.
1254 3201 1404 3261 ΠΠᾶντα
1427 3213 1570 3266 λίθονιί

265 3307 334 3343 retr.
354 3292 456 3342 Zeuola.
471 3293 502 3342 V.
517 3291 559 3343 03.
574 3309 598 3365 e.
614 3293 732 3357 interpp.
1277 3306 1280 3311 ’
