3276 5414
268 366 317 439 94
532 384 598 434 1111.
668 401 806 436 rorarunt.
843 401 983 438 nraeoova
1002 403 1187 440 avensauens.
1207 389 1290 456 (1511.)

267 551 449 620 huiusmodi,
479 560 528 611 aut
555 552 607 613 tibi
630 573 647 613 e
668 556 851 632 paucissimis
874 558 924 618 uni
947 558 1097 636 continget
1118 558 1192 620 talis.
1237 560 1296 638 bge
1328 579 1414 629 vero,
1445 559 1560 640 quidsi

267 654 362 732 ipsum
385 654 436 713 tibi
459 655 637 715 interturbet
659 658 749 716 otium
772 656 819 717 illa
843 665 995 737 tantopere
1018 661 1106 738 petita
1131 661 1223 720 uxor?
1246 661 1269 718 si
1292 669 1320 721 te
1344 678 1452 738 magua
1476 671 1506 722 et
1520 664 1560 723 iu-

265 763 347 816 sueta
369 763 472 817 onerat
494 755 645 817 molestia?
667 759 690 818 si
713 759 819 819 eotidie
841 767 938 820 teeum
961 759 1053 838 litiget
1074 761 1231 831 iraednda,
1254 781 1373 822 morosa
1397 773 1426 824 et
1440 765 1561 842 aspera?

265 857 288 915 si
312 866 341 916 et
362 875 445 917 suam
468 859 565 918 dotem
589 869 618 918 et
640 867 719 919 tuam
741 868 944 940 paupertatem
968 862 1127 940 profundat
1148 881 1183 922 ae
1212 863 1369 942 dilapidet?
1400 866 1479 925 siin
1502 873 1561 924 tan·

265 965 325 1018 tum
349 966 539 1037 aegrotantem
562 978 667 1021 curare
689 960 778 1030 nolit,
810 969 842 1021 ut
870 963 970 1041 lugiat'
989 965 1094 1024 etiami
1124 964 1193 1043 quid
1223 964 1331 1043 ‘lugiat’
1355 965 1431 1034 dixi,
1455 973 1490 1026 ut
1511 965 1579 1025 ali-s

264 1078 352 1138 quern
375 1059 479 1122 melius
501 1060 658 1122 habentem
681 1063 828 1124 merebam
851 1065 1008 1142 sequatur?
1036 1067 1060 1126 si
1089 1064 1139 1125 ubi
1160 1073 1192 1125 tu
1215 1065 1328 1135 rideas,
1357 1067 1429 1145 ipsa-
1444 1067 1560 1143 lugeat?

264 1161 314 1222 uhi
338 1171 365 1222 te
388 1162 472 1223 dolor
494 1163 619 1232 habeat,
639 1165 701 1243 ipsa
723 1163 819 1224 laetitia
843 1164 979 1226 insultet?
1002 1167 1145 1245 sipomnia
1168 1166 1291 1227 adverse
1314 1174 1396 1244 agat,
1420 1167 1495 1228 nihil
1517 1187 1559 1228 se·

264 1264 394 1324 eundum
417 1271 496 1324 tuam
520 1263 715 1325 voluntatem?
738 1274 769 1326 tu
792 1274 888 1327 antem
912 1273 1015 1345 peetus
1038 1275 1120 1328 tuum
1140 1271 1257 1347 aperies
1279 1269 1395 1330 mulieri
1410 1278 1463 1330 aut
1477 1271 1560 1330 uxori

264 1374 376 1427 secreta
399 1367 581 1427 eorrrmittest

196 1480 253 1530 §.aa
328 1488 502 1529 urrunnun.
540 1469 616 1528 Satis
637 1466 840 1548 philosophata
864 1487 911 1538 es;
934 1472 970 1531 da
994 1490 1132 1540 uxorem;
1154 1471 1192 1532 de
1214 1471 1260 1531 his
1281 1473 1345 1550 ipse
1367 1472 1480 1533 videro.
1567 1487 1588 1526 n

326 1590 478 1631 rourum.
518 1568 611 1639 Quam
639 1568 689 1630 ubi
718 1577 820 1630 nactus
851 1571 955 1640 tueris,
984 1573 1022 1632 ita
1052 1573 1143 1632 oham
1166 1590 1251 1650 ages,
1283 1581 1315 1632 ut
1343 1573 1467 1634 ornnino
1489 1571 1558 1634 nituit

264 1672 369 1732 latrias?
934 1748 936 1753 ,

324 1793 499 1836 uvrrauvs.
536 1773 629 1834 lmum
645 1771 753 1850 aliquid
769 1791 903 1852 serrrper,
921 1774 1068 1852 quoddam
1083 1767 1166 1835 euim
1177 1777 1362 1851 negotiosum
1379 1775 1451 1836 mibi
1468 1777 1558 1836 edum

262 1894 413 1956 propono,
438 1876 491 1935 nisi
514 1892 572 1933 nou
595 1874 719 1934 inultum
742 1861 832 1952 agunt
854 1873 1024 1954 aliquando,
1048 1883 1080 1935 ut
1095 1877 1209 1937 Seneca
1231 1878 1286 1946 ait,
1309 1879 1358 1956 qui
1381 1876 1455 1937 nihil
1470 1896 1558 1955 agere

263 1979 411 2047 ridentur,
436 1973 676 2053 eouteuptabor,
700 1975 840 2045 studebo,
863 1975 974 2052 legam,
999 1975 1188 2037 elucubrabo.
1235 1977 1490 2058 Odesyderabile
1505 1978 1587 2039 hou

261 2098 348 2148 rturn,
382 2084 512 2156 optatum
547 2086 681 2156 portum,
716 2077 830 2138 beatam
859 2077 1113 2157 tranquillitatem:
1146 2080 1204 2140 duo
1237 2099 1284 2140 rue
1311 2098 1364 2157 age
1394 2080 1430 2140 ad
1461 2083 1555 2149 sitam,

262 2183 289 2240 in
313 2199 370 2258 qua
393 2181 448 2239 erit
477 2181 566 2239 otium
597 2198 664 2239 eum
695 2180 850 2256 dignitate,
881 2181 1030 2256 negotium
1056 2181 1118 2240 sine
1148 2179 1296 2258 periculo:
1326 2182 1390 2242 haae
1421 2189 1555 2242 votorum

262 2299 376 2342 summa
399 2288 470 2342 esto.

139 2409 141 2414 ¹
193 2395 253 2446 §.aa
327 2403 478 2444 ronrvna.
518 2381 627 2443 Vereor
654 2378 691 2443 ne'
721 2383 888 2443 aurittendao
915 2383 1062 2461 diguitatis
1090 2389 1185 2444 metus
1213 2383 1250 2444 ab
1282 2385 1340 2443 otio
1369 2393 1399 2444 te
1421 2364 1574 2464 repellat·

260 2484 310 2545 alit
332 2486 410 2545 enim
433 2484 782 2572 dignitatem‘rregotium
1208 2558 1211 2562 .
1561 2500 1585 2541 aa

323 2606 495 2648 ui'rrauvs.
534 2584 606 2646 lllud
637 2585 816 2646 laboriostun
844 2587 1012 2664 negotium,
1047 2604 1149 2646 rerum
1178 2586 1264 2655 dicia,
1293 2595 1356 2649 tum
1384 2587 1472 2649 aliam
1502 2607 1555 2666 ego

260 2707 347 2768 quam
371 2690 399 2748 in
422 2687 496 2749 aulis
518 2689 563 2747 isti
587 2686 755 2765 dignitatem
778 2696 880 2754 tueor:
904 2688 954 2747 sed
978 2689 1034 2747 iarn
1058 2707 1176 2749 ominem
1200 2707 1277 2767 poue
1300 2708 1354 2767 {iro
1378 2707 1426 2750 me
1442 2709 1554 2757 euram,

259 2799 371 2852 tantum
394 2788 464 2850 illud
488 2789 523 2849 da
547 2789 624 2867 ‹pirod
649 2808 717 2857 oro,
741 2789 777 2848 sit
800 2807 890 2858 error,
920 2790 978 2848 siut
999 2790 1180 2858 necessaria,
1209 2790 1295 2849 ritam
1319 2792 1501 2852 constituere
1522 2790 1554 2851 li·

259 2901 323 2954 eeat
345 2890 504 2969 frugalem,
529 2883 741 2970 αὐτάρκειαν.

320 3013 472 3056 arearum.
510 2993 546 3052 at
567 2993 624 3052 ianr
647 2991 806 3052 ditissimus
828 3011 869 3052 es.
1558 3010 1581 3050 u

320 3114 493 3157 avruenvu.
531 3094 593 3173 Ego
617 3093 792 3154 ditissimus?
814 3094 922 3154 siccine
944 3093 1049 3162 illudis,
1074 3094 1146 3156 disat

320 3217 475 3260 ronrrna.
511 3199 553 3256 ho
578 3214 637 3255 non
660 3195 818 3256 ditissimus
840 3196 889 3274 qui
913 3195 970 3255 hoe
985 3214 1017 3255 es
1031 3196 1129 3254 animo
1144 3195 1301 3272 praeditus?
1324 3197 1460 3274 prolecto
1476 3199 1552 3259 enim

258 3317 397 3378 inagnum
421 3305 479 3368 est,
503 3304 535 3358 ut
557 3298 675 3377 quddam
698 3298 750 3366 ait,
775 3295 896 3373 vectigal
919 3296 1051 3357 modeste
1076 3297 1180 3357 rivere.

189 3412 248 3463 §.aa
321 3420 494 3462 averanus.
533 3399 648 3460 Utinam
677 3417 710 3459 re
738 3397 785 3459 itta
815 3417 879 3476 quae
907 3400 936 3458 in
964 3400 1061 3458 animo
1084 3398 1209 3474 agitatur
1231 3400 1285 3459 sim
1308 3399 1465 3477 praeditus,
1494 3419 1550 3462 raon

258 3503 315 3563 hoo
337 3509 449 3562 tantum
472 3503 577 3561 animo.
622 3509 653 3561 tu
683 3519 750 3560 uero
780 3507 851 3560 turm
877 3507 958 3560 reete
986 3499 1103 3560 vorabis
1132 3499 1306 3562 ditissimum
1336 3502 1406 3579 (non
1429 3503 1581 3582 niumm&

258 3613 290 3665 ut
312 3606 357 3665 isti
386 3610 454 3664 sunt
483 3602 568 3679 vulgo
599 3603 715 3670 diriteS,
747 3601 797 3661 sed
827 3609 860 3659 ut
887 3600 965 3661 beati
995 3600 1034 3661 illi
1062 3602 1124 3679 qui,
1155 3609 1186 3660 ut
1209 3601 1369 3663 Meriander
1397 3605 1453 3672 ait,
1484 3623 1549 3664 eum

258 3693 359 3767 uirenti
377 3704 529 3785 possident
551 3704 683 3782 divitias),
706 3712 777 3763 tune
801 3711 881 3763 recte
905 3702 1034 3770 vocabis
1058 3703 1192 3780 inquam,
1224 3722 1290 3763 cum
1314 3706 1355 3763 sie
1379 3706 1477 3766 virere
1500 3705 1549 3765 da·

257 3816 317 3869 tum
341 3808 441 3877 luerit,
465 3806 515 3867 tali
537 3826 604 3867 cum
628 3824 730 3866 errore.

186 3919 245 3970 §.st
318 3930 471 3973 roarvnrt.
509 3909 664 3969 terrascia
688 3925 725 3967 au
747 3903 835 3966 talem
858 3905 982 3966 habeam
1006 3903 1158 3966 mulierem
1180 3913 1242 3965 toto
1264 3907 1294 3965 in
1317 3923 1411 3968 cortun
1433 3907 1501 3969 hoe.

318 4032 490 4076 maranus.
528 4010 593 4089 lpse
615 3991 781 4087 inspiciam
811 4012 898 4084 atque
920 4005 993 4067 adeo
1016 4014 1097 4076 tene,
1126 4014 1210 4077 tene,
1238 4008 1353 4068 inventa
1376 4016 1436 4069 est:
1469 4019 1579 4090 quaa-³⁵

299 4145 307 4175 l

254 4182 456 4195 ——

322 4299 342 4333 ¹⁸
362 4296 517 4364 evarestus]
536 4298 905 4361 roa.1.opea·nrrnie'emore.
975 4294 1054 4354 „Non
1078 4295 1183 4345 habant
1205 4296 1252 4345 isti
1275 4296 1374 4357 otium,
1400 4296 1450 4346 sed
1474 4298 1549 4348 iners

253 4383 576 4451 nogoti11111''Senee.de
595 4381 823 4442 brev.vit.l2,5.
890 4378 909 4411 ¹⁶
928 4377 1118 4444 beut.tranq.]
1138 4379 1259 4440 (ΜΛ.
1319 4377 1342 4411 ²⁴
1359 4369 1547 4446 αὐτάρκειαν]

254 4472 373 4520 animum
391 4485 442 4519 aua
455 4473 528 4517 sorta
542 4471 710 4527 contentum,
731 4463 935 4534 (bittilnluutie'tt.
959 4464 1101 4528 Scripserit
1112 4454 1265 4528 αὐτάρκεα,
1285 4470 1317 4514 ut
1333 4465 1370 4514 ad
1386 4466 1475 4515 vitam
1492 4473 1547 4516 tra·

252 4555 328 4603 lentur
344 4554 536 4619 vocabulumque
555 4551 691 4616 irrigatam
710 4553 852 4614 nunptilieet.
905 4546 927 4579 ²³
945 4546 1064 4613 quidam]
1080 4548 1396 4614 cic.para‹t.v1.3,aa.
1417 4566 1493 4610 „nou
1506 4553 1546 4600 in·

251 4638 388 4704 tollegunt
406 4639 531 4688 hominos
549 4651 630 4700 quam
653 4650 782 4699 maguum
806 4633 929 4697 vectigal
952 4634 989 4681 sit
1011 4634 1206 4697 parsimonin.”
1276 4632 1297 4666 ³¹
1317 4632 1481 4700 Menander]
1501 4651 1546 4700 ap.

252 4721 328 4773 Stob.
342 4722 437 4773 Floril.
451 4722 547 4772 xctv.
561 4721 585 4770 7.
599 4711 753 4784 Μακάριος
771 4707 846 4776 ὅστις
864 4707 967 4766 odaiae
984 4713 1034 4767 ael
1053 4716 1123 4768 aeda
1142 4711 1209 4783 ἔχει.
