3276 5414
258 373 305 446 58
555 389 605 439 111.
676 404 814 439 ursaceus
836 404 858 438 s.
878 403 959 442 avim.
996 404 1146 439 ortuoovs.
1166 390 1248 456 (tots.)

256 561 451 627 tritantadire
473 559 616 636 pericula,
652 558 869 618 discrimiuilms
891 577 956 619 sese
979 559 1121 630 obiicere,
1155 580 1209 639 per
1238 561 1293 621 tela
1316 581 1351 622 ac
1372 579 1428 640 per
1450 562 1551 622 hostes

256 663 342 730 lcrri,
366 663 490 723 aruicum
514 661 637 729 ludere,
661 661 889 720 rieeessitudiues
912 679 1120 740 perrumpere,
1142 664 1232 724 tidem
1256 663 1408 731 fraudare,
1433 664 1551 723 indeos

256 771 342 842 atque
365 765 502 823 homiues
524 761 711 840 delinquere,
746 763 815 823 dum
846 764 914 823 lunc
944 765 1049 824 ciuitati
1078 767 1290 842 pruiniacum,
1325 766 1381 825 lroc
1409 766 1549 835 ollieimn,

256 867 335 926 lutire
358 867 560 941 magistratum
583 869 743 941 occupent,
767 863 1031 943 aliqnamlo'ctiam
1056 875 1088 925 ut
1110 868 1172 926 siue
1189 866 1285 927 lruetu
1302 868 1417 927 inanem
1434 867 1550 927 titulum

256 967 360 1027 lerant.
399 968 436 1026 ita
467 965 545 1026 laisan
574 965 675 1040 gloriae
703 965 831 1025 sutilium
860 966 1021 1027 aulicorum
1054 970 1185 1028 onmium
1215 970 1318 1029 animis
1340 971 1483 1029 teriaciter
1506 969 1571 1027 ius

256 1070 361 1136 lueret,
398 1076 584 1146 agunturque
613 1067 670 1127 hoc
698 1066 768 1128 llatu
797 1086 914 1128 sumum
938 1088 972 1127 ac
994 1069 1133 1129 deorsum
1157 1077 1186 1129 et.
1208 1072 1236 1129 iu
1261 1071 1350 1130 miros
1373 1071 1550 1131 alliciuntur

256 1189 389 1239 errores;
424 1188 635 1247 nonuunquam
658 1170 842 1247 naufragium
867 1170 977 1230 iaciunt
998 1189 1031 1230 ac
1054 1172 1150 1230 orantia
1174 1170 1314 1249 perdunt,
1344 1190 1397 1250 per
1421 1172 1547 1250 largitio·

256 1292 323 1335 uem
346 1273 456 1349 ingenti
479 1278 651 1348 cousumpta
674 1272 813 1349 pecunia:
844 1271 931 1331 lraliet
954 1273 1030 1331 euim
1059 1274 1157 1333 rititrm
1188 1273 1243 1333 lroe
1272 1276 1393 1334 comites
1421 1273 1549 1351 largitio·

258 1393 325 1433 ricem
349 1382 376 1434 et
399 1372 526 1453 reliquas
550 1375 767 1450 corruptiones,
797 1372 904 1449 quilms
936 1372 1102 1451 impellente
1132 1376 1196 1452 ipso
1219 1382 1279 1435 tota
1301 1375 1406 1453 llagrat
1427 1375 1493 1436 aula
1516 1392 1550 1435 ar.

187 1487 206 1537 t.
216 1489 246 1534 ¹³.
257 1477 353 1537 omnia
376 1477 483 1555 passim
506 1475 680 1535 aduruntur.
715 1474 789 1546 Ouid
812 1474 917 1534 lrrxus‘l
939 1493 1026 1552 (quiam
1051 1493 1167 1536 turnum
1191 1477 1427 1555 depravationem
1444 1477 1547 1544 adlert,
1561 1493 1583 1531 u

256 1579 334 1657 quod
359 1578 525 1653 contagium
549 1578 651 1647 tralrit,
676 1578 773 1636 vitium
797 1583 877 1637 tauto
899 1575 961 1635 aliis
984 1577 1128 1647 odiosius,
1159 1587 1268 1657 qttamo
1291 1577 1375 1656 plura
1398 1578 1496 1657 perdit
1517 1598 1551 1638 ac

255 1681 393 1758 dissipat?
428 1680 483 1738 lroc
507 1697 610 1739 errore
633 1684 862 1738 coutmmmutur
889 1682 1038 1755 laeetania,
1072 1698 1130 1738 nou
1160 1699 1219 1758 qim
1247 1699 1263 1738 a
1292 1666 1473 1758 sapientibus
1496 1679 1550 1739 illis

255 1789 356 1860 pacto,
380 1780 431 1842 scd
455 1800 508 1858 per
531 1781 717 1841 stoliditatem
741 1800 775 1839 ac
799 1780 985 1849 delmatiam,
1009 1787 1110 1840 eontra
1128 1782 1281 1840 cautissima
1298 1783 1394 1841 ouruia
1411 1782 1549 1841 adaman·

255 1892 312 1945 tur.
352 1891 438 1962 atque
461 1883 681 1960 imlc'prcciusa
706 1882 808 1950 vestis,
843 1882 910 1942 iude
935 1900 1080 1959 purpura,
1115 1883 1183 1944 iude
1205 1902 1310 1943 aurum
1334 1892 1362 1942 et
1384 1890 1549 1959 argeutum,

254 1986 322 2047 iude
345 2003 468 2064 geruruae
490 2003 525 2044 ac
547 1985 712 2061 irrargaritac
740 1992 768 2045 et
796 1983 917 2062 reliqua.
946 1984 973 2043 id
1002 2003 1095 2061 genus
1124 2003 1210 2062 nugae
1239 1983 1334 2044 aulam
1364 1986 1583 2052 invaserunt3u

255 2108 320 2167 quau
342 2088 439 2146 onmia
463 2086 529 2146 licet
553 2088 670 2146 uroximi
694 2095 846 2154 emautur,
871 2088 1115 2164 magnanimitatis
1138 2095 1182 2146 cst
1203 2087 1242 2147 int
1258 2093 1355 2146 tamen
1372 2105 1406 2146 ea
1422 2085 1551 2146 aliiicerc

255 2197 284 2249 et
308 2174 361 2266 pro
384 2188 524 2265 neglectis
546 2187 672 2257 lubere,
696 2206 730 2247 ao
752 2195 834 2247 tauto
856 2185 921 2266 quis
944 2189 1102 2248 animosior
1125 2194 1263 2248 censetur
1285 2195 1395 2266 quanto
1424 2189 1488 2247 lamo
1511 2188 1550 2246 ri·

254 2290 335 2350 lieris
357 2290 433 2350 lacit.
480 2289 584 2351 Videas
607 2291 642 2348 ad
666 2290 882 2350 corneutionem
906 2308 999 2369 usque
1029 2290 1135 2349 insumi
1162 2290 1317 2367 pecunias,
1354 2308 1413 2367 quo
1441 2290 1549 2367 nequid
1623 2300 1630 2329 t

256 2391 436 2469 splendidius
458 2390 541 2451 alteri
564 2392 652 2457 arisit:
686 2409 741 2449 uec
764 2390 799 2449 ad
823 2409 908 2450 cistam
931 2394 962 2451 lit.
985 2392 1108 2468 eruptio,
1136 2391 1188 2451 sed
1216 2392 1252 2452 ad
1282 2393 1398 2451 inanem
1422 2398 1549 2450 ostenta·

256 2493 374 2554 tionem.
413 2495 477 2564 Quo
502 2492 566 2552 loeo
588 2492 666 2553 lrand
690 2492 782 2552 relect
804 2492 902 2552 (licere
926 2493 1003 2553 irride
1026 2501 1182 2570 suppetant
1204 2493 1281 2561 lutee,
1305 2501 1353 2552 aut
1373 2492 1450 2552 hanc
1465 2509 1584 2553 rora-ao

256 2597 353 2672 giuem
378 2594 446 2672 quid
470 2594 603 2672 iuipleat:
626 2602 706 2654 certo
730 2594 877 2670 impletam
901 2602 1032 2671 opmtu,
1056 2596 1116 2655 sive
1132 2593 1325 2672 dispolientur
1340 2612 1487 2671 {inciperes
1502 2601 1552 2654 aut

255 2697 309 2774 ipsi
333 2698 418 2757 etiam
442 2697 589 2774 primipes
618 2704 735 2773 egeant,
765 2698 824 2755 sire
854 2698 1047 2774 urueuiusque
1075 2698 1283 2774 patrimonium
1313 2697 1370 2756 lure
1399 2686 1571 2774 erogemus

255 2819 290 2860 ac
319 2799 403 2876 plura
432 2797 524 2859 multo
553 2797 772 2875 prolmuluutur
801 2798 839 2856 iti
871 2799 994 2858 inaniter
1023 2817 1110 2876 quami
1140 2800 1169 2857 iu
1199 2817 1284 2858 risum
1315 2805 1468 2858 vertuntur
1500 2816 1551 2858 ue·

255 2903 424 2962 cessarium.

320 3023 447 3064 essars.
487 3002 563 3062 l'ieri
589 3002 670 3061 rideo
694 3021 759 3081 qum
782 3001 870 3071 dicis;
895 3020 962 3061 uam
986 3002 1095 3078 optime
1120 3004 1288 3061 vestientem
1304 3002 1352 3063 liic
1367 3002 1463 3062 lanam
1480 3002 1584 3080 quidus

257 3104 333 3166 aliud
364 3111 554 3164 cetritemuere
581 3104 696 3171 doetrit,
732 3111 764 3163 ut
792 3122 916 3182 peregre
951 3106 1077 3164 sericum
1109 3123 1275 3164 eritereruus
1306 3122 1350 3179 ae¹
1368 3108 1551 3182 purpuram?

256 3214 306 3267 aut
328 3226 386 3267 mm
410 3208 558 3284 potinums
580 3206 694 3271 ornari,
718 3205 845 3282 populus
867 3204 1023 3266 bellicosus
1047 3214 1076 3265 et
1097 3208 1192 3286 «uiuus
1213 3206 1283 3266 olim
1298 3205 1427 3265 inollitiei
1445 3224 1552 3282 expers

256 3316 285 3370 et
307 3316 509 3386 crtrrtetuptor,
533 3308 595 3366 siue
619 3307 758 3382 grunnis,
782 3310 844 3366 siue
868 3310 959 3367 auro?
987 3315 1016 3367 ct
1039 3327 1091 3366 uim
1113 3310 1174 3386 sagi
1197 3309 1291 3386 piget.
1315 3325 1369 3366 rios
1391 3306 1509 3366 loricae?

319 3429 484 3471 susurrus.
524 3408 600 3469 Tum
623 3411 771 3478 rirruama,
795 3428 931 3477 «frocum,
962 3411 1046 3488 piper
1068 3418 1098 3470 ct
1121 3401 1230 3488 reliqua
1255 3405 1366 3471 exotica
1390 3409 1418 3468 id
1441 3407 1551 3470 malum

255 3512 370 3574 ittrexlt.
1232 3582 1236 3594 ι
1559 3534 1583 3572 ao

320 3633 446 3677 uas'rrs.
485 3612 577 3673 Siuutl
601 3614 690 3673 credo
714 3632 811 3674 mores
834 3614 972 3674 errrollirit
1000 3634 1034 3675 ac
1063 3614 1133 3674 illud
1158 3634 1225 3675 scre
1248 3616 1429 3676 Geuuauum
1457 3611 1551 3672 rolnu·

255 3724 426 3779 eircrmtum
449 3716 585 3776 reddidit.
1617 3792 1623 3803 ι

319 3837 483 3880 irisarnrs.
522 3819 570 3878 Sic·
593 3826 650 3878 est:
674 3826 784 3897 quanto
808 3818 958 3879 decentius
978 3821 1056 3879 euim
1080 3819 1164 3895 priuti
1188 3818 1228 3878 illi
1251 3820 1391 3878 lierruaui
1421 3818 1550 3876 terarum

255 3966 423 3976 ——h—
433 3966 458 3972 .-

323 4041 427 4091 ¹adire
446 4040 571 4106 pericula
590 4042 625 4090 II.
646 4040 770 4105 periculo
789 4040 867 4091 obire
885 4042 943 4089 edd.
999 4056 1033 4088 ac
1051 4042 1111 4088 ataid.
1125 4042 1159 4089 H.
1179 4038 1240 4101 (ticin
1255 4042 1309 4102 13).
1368 4035 1550 4086 ’necessita

254 4133 297 4177 tes
311 4130 353 4175 13.
410 4125 622 4175 ³dumz=dum
642 4125 720 4174 modo
784 4125 876 4186 ’.Λα
895 4127 930 4175 ΙΙ.
995 4125 1073 4189 ⁷per
1093 4125 1126 4174 H.
1147 4126 1174 4173 in
1192 4127 1251 4173 edd.
1316 4123 1550 4186 ⁸cous.iug.13.

253 4212 263 4245 ⁸
283 4214 343 4278 ipso
366 4228 416 4276 pro
439 4212 522 4260 deleto
546 4213 615 4276 quod
636 4212 694 4259 edd.
718 4210 811 4259 leuben!
834 4227 856 4259 o.
884 4210 1035 4258 uniliitione
1058 4211 1093 4258 ΙΙ.
1123 4210 1183 4274 ipso
1213 4208 1358 4257 atribitioui
1383 4209 1485 4270 stupide
1508 4209 1551 4254 13.

254 4296 276 4330 ¹⁰
294 4299 395 4346 Luxus.
416 4301 441 4345 iu
459 4312 538 4358 νισι-μ.
553 4300 578 4343 5.
637 4296 745 4357 .Quom
765 4296 800 4344 ΙΙ.
861 4294 880 4326 ¹²
899 4310 953 4343 nou
973 4309 1025 4358 quo
1045 4310 1097 4343 tus
1121 4296 1137 4343 i.
1152 4300 1235 4359 poeto
1254 4295 1270 4344 i.
1284 4310 1306 4342 e.
1327 4308 1381 4342 non
1399 4292 1551 4355 sapienter,

254 4398 308 4431 nou
328 4383 363 4431 iis
381 4381 415 4430 de
436 4381 529 4429 causis
549 4396 563 4429 e
583 4380 682 4444 (prailius
699 4380 826 4444 pecuniae
846 4395 862 4429 u
881 4380 1055 4444 sapientibus
1074 4379 1130 4428 illis
1155 4382 1375 4428 eonteunmutur.
1402 4376 1552 4440 Sapientes

257 4464 308 4532 illi]
329 4463 687 4515 (antetulerit.xttllt.
759 4461 933 4528 '‘sttttplt
1013 4464 1032 4495 ¹⁰
1051 4466 1170 4513 maximo
1189 4469 1212 4513 5.
1238 4476 1284 4511 erce
1302 4469 1391 4510 reiectae.
1411 4463 1447 4511 ΙΙ.
1513 4459 1552 4508 ibi

254 4549 518 4615 anticamera.)
556 4548 576 4580 ¹⁹
596 4551 662 4599 insit
681 4555 723 4601 13.
759 4547 779 4580 ²¹
799 4550 868 4614 disp.
883 4565 965 4615 pom».
980 4551 1016 4598 H.
1037 4550 1099 4598 iude
1114 4553 1216 4614 egeant
1229 4547 1342 4601 sttbditi,
1362 4548 1422 4595 edd.
1458 4544 1552 4609 ²⁸per-

255 4652 329 4698 aegre
345 4637 400 4684 13..’
450 4632 472 4665 ²⁷
491 4636 579 4683 orrruis
597 4638 667 4684 omia.
683 4639 727 4685 1³.
781 4650 880 4699 expers
899 4637 1058 4684 attuatii.
1111 4632 1552 4694 ²⁹et1111.5.necmu.ll.cyna.

254 4723 313 4770 edd.
366 4718 389 4751 ³⁸
408 4722 589 4782 ,QuantolL
