3330 5408
283 390 356 462 524
716 419 832 455 manoor
851 401 1119 455 rsrvronvrrissici.

508 581 669 639 Corsorum,
694 587 774 651 alque
798 579 824 633 iu
847 596 887 634 ine
910 580 997 633 veniat
1018 578 1130 634 unietuui
1152 587 1233 652 atque
1255 587 1375 636 cacatuui

511 663 612 725 lulius,
635 672 662 718 et
684 662 789 736 fragilis
811 663 932 723 Podalia,
956 664 1053 737 surque
1075 663 1232 747 Vetanus..

283 747 353 816 Quin
378 757 420 810 tu,
444 766 526 821 puer.
550 747 703 805 accelerans
724 747 797 803 illurn
820 749 930 809 advoca,
953 748 1040 804 aderit
1062 749 1131 804 euius
1154 750 1314 823 evestigio.

345 833 440 889 Puer.
478 834 530 890 lana
554 833 633 895 abeo,
659 840 688 889 ut
710 833 819 890 donnino
842 832 1040 907 obtemperem,
1064 850 1142 906 quein
1167 833 1246 890 larue
1268 852 1298 891 ae
1322 835 1492 908 intemperiae
1509 853 1567 909 agi·

283 926 354 978 tant:
378 919 493 974 vetulam
514 919 607 992 itaque
629 917 738 974 vocabo.
776 917 847 974 lleus
868 928 912 980 tu,
936 918 1056 979 Canidia,
1080 919 1161 974 barus
1186 928 1211 975 te
1232 928 1317 975 vocal.
1410 934 1413 939 ·
1576 935 1588 972 a

215 1008 276 1062 §.aa
348 1003 498 1059 Canidia.
534 1003 613 1064 Novi,
638 1021 689 1059 eur.
708 1004 796 1064 vocet.
820 1021 914 1077 ueiiipe
938 1011 967 1058 ut
990 1002 1115 1059 bellulam
1138 1002 1208 1059 illani
1231 1003 1378 1077 puellulam
1399 1004 1568 1060 carminibus

284 1088 308 1142 ei
331 1080 479 1145 coucilieui'.
515 1087 561 1144 liat
584 1088 682 1161 igitur,
706 1097 733 1146 et
756 1097 831 1144 tauto
854 1088 982 1160 theologo
1005 1105 1063 1144 rnos
1092 1098 1216 1159 geratur;
1250 1097 1279 1144 tu
1307 1090 1387 1163 praui,
1421 1106 1473 1162 ego
1502 1107 1567 1146 vero

284 1171 391 1245 icquar.

346 1258 443 1316 Puer.
481 1257 553 1320 Fiet.
578 1259 628 1313 iarn
651 1258 723 1313 iluiui
747 1276 853 1319 siranus,
878 1259 1027 1331 ingredere.

347 1343 496 1401 Canidia.
539 1342 628 1405 Salve.
666 1343 794 1416 blagister
827 1351 921 1399 noster
954 1343 1127 1405 venerabilis,
1165 1362 1217 1418 ego
1253 1362 1303 1401 eur
1338 1362 1381 1402 nae
1415 1346 1600 1407 vocaverisro

282 1427 361 1502 plane
384 1431 455 1486 nori.

348 1513 482 1570 Eccins.
520 1513 580 1574 Vix,
604 1522 634 1568 ut
656 1512 783 1568 arbitror.

347 1600 496 1655 Canidia.
534 1598 666 1657 Puellulae
690 1597 762 1653 illius
784 1599 880 1670 gratia.
917 1599 1041 1677 nunquid
1063 1615 1118 1654 reru
1142 1617 1190 1656 acu
1213 1597 1309 1672 tetigi?

348 1684 480 1740 Eceius.
518 1684 584 1738 Tota
607 1700 682 1738 erras
704 1683 760 1744 via.
784 1683 830 1738 sed
853 1682 934 1755 longe
955 1684 1060 1739 diversa
1082 1683 1176 1740 subest
1198 1702 1287 1740 eausa

228 1781 273 1824 ,5.
348 1770 498 1825 Canidia.
536 1769 568 1823 Et
591 1768 654 1840 ipdd
676 1766 747 1823 aliud
771 1767 819 1822 tibi
843 1783 924 1841 opera
946 1786 1004 1824 inea
1026 1776 1157 1842 praestare
1179 1774 1288 1843 posset?

348 1854 480 1912 Eccius.
517 1846 617 1926 lipsius
640 1870 685 1908 eas
708 1870 738 1908 ac
760 1853 854 1908 redeas
876 1869 987 1909 neeesse
1009 1863 1059 1909 est.

346 1940 493 1996 Canidia.
531 1936 675 2011 Eclipsiin?
698 1936 818 1993 veritatis
841 1937 971 1993 forsitan?

347 2024 480 2081 Eceius.
519 2023 635 2096 ‘Lipsini'
658 2023 780 2096 inquain,
806 2022 885 2095 idque
906 2023 974 2078 bora
996 2024 1096 2080 eadeni.

347 2110 498 2166 Canidia.
536 2110 666 2182 Perquain
691 2105 768 2163 lacile
791 2107 843 2162 liet.

345 2194 477 2253 Eccius.
514 2193 546 2249 Et
568 2192 661 2249 literas
685 2191 746 2248 illac
766 2191 881 2247 deseras.
960 2234 963 2239 .

346 2280 495 2335 Canidia.
532 2278 598 2334 liei.

346 2364 479 2421 Eceius.
516 2363 738 2437 Responsiunque
762 2361 923 2436 reportabis.

347 2450 496 2505 Canidia.
533 2448 601 2513 Eiet.

346 2533 477 2591 Eceius.
513 2532 591 2588 Etsi
614 2533 651 2587 ita
673 2550 743 2607 opus
765 2533 831 2593 erit,
860 2532 990 2588 medicum
1014 2540 1101 2588 tecuin
1125 2533 1247 2588 adduces.

348 2620 502 2675 Canidia.
539 2617 571 2672 lit
593 2618 645 2674 boc
667 2618 726 2679 liet;
749 2618 838 2673 oinuia
860 2616 979 2691 perbelle
1001 2617 1192 2691 expedientur:
1220 2618 1287 2672 cedo
1311 2617 1396 2690 igitur
1418 2617 1523 2673 literas.
1575 2631 1599 2670 ra

348 2704 478 2761 Eccins.
515 2703 568 2759 latu
591 2702 644 2759 illae
667 2701 834 2763 scribentur,
867 2712 897 2758 tu
921 2704 1028 2758 iuterbn
1049 2702 1157 2759 douiuiu
1179 2703 1323 2765 concedas,
1352 2720 1396 2763 ac.
1432 2721 1494 2777 quae
1519 2704 1567 2759 niae

217 2799 349 2850 lassant
371 2788 535 2849 necessaria,
564 2788 697 2862 expedias.
736 2788 786 2844 Sed
815 2788 885 2868 heus
912 2794 953 2849 tu.
983 2804 1046 2844 uum
1075 2805 1157 2862 super
1184 2786 1290 2844 lurcula
1321 2797 1367 2843 aut
1389 2788 1455 2843 launi
1481 2789 1567 2844 maui-

283 2875 350 2951 pulo
371 2873 526 2949 equitabis?
965 2900 976 2927 ι
1470 2878 1475 2886 ’

347 2959 496 3015 Canidia.
534 2957 653 3019 llinirne.
684 2975 744 3013 uani
767 2959 806 3014 via
828 2956 907 3031 longa
931 2965 986 3019 est,
1015 2965 1042 3014 et
1064 2958 1087 3013 si
1110 2956 1190 3013 alium
1214 2958 1366 3032 quempiam
1388 2972 1494 3014 mecum
1526 2975 1567 3014 re-

284 3046 383 3102 ducere
406 3061 516 3101 necessc
537 3051 592 3105 est,
616 3041 697 3116 longe
719 3042 868 3100 robustiori
891 3051 997 3098 vectore
1013 3042 1141 3098 utendum
1157 3043 1217 3099 erit.
1255 3042 1358 3099 bireuui
1381 3042 1473 3115 itaque
1489 3041 1598 3097 illuniao

283 3128 574 3204 pilosuiu,vetuluu1,
604 3129 651 3184 sed
674 3127 852 3189 valentnlniu.
885 3128 1050 3188 inscendam,
1083 3135 1110 3183 et
1134 3128 1184 3183 iaiu
1207 3127 1287 3188 abeo,
1321 3134 1352 3182 nt
1374 3125 1505 3201 pabulum
1529 3126 1579 3182 illi'

285 3232 434 3289 appouaru,
458 3231 511 3286 quo
535 3213 656 3286 vegetior
678 3222 782 3268 tantuin
805 3214 909 3268 itineris
931 3212 1067 3269 exantlare
1089 3211 1185 3268 valeat.
1239 3234 1244 3245 ·

217 3311 275 3362 §.aa
349 3299 483 3355 Eecius.
521 3297 571 3352 lbi
593 3298 692 3369 igitur.
716 3298 832 3372 epistola
854 3299 924 3354 enirn
946 3298 1051 3372 signata
1073 3298 1216 3362 confestim
1239 3298 1270 3352 ad
1294 3305 1321 3352 te
1342 3297 1498 3359 deleretur:
1526 3316 1567 3355 ee·

284 3392 372 3442 terunt
395 3383 524 3444 obsecro,
547 3399 655 3438 resecro
679 3391 719 3445 te,
743 3391 773 3438 ul
795 3384 918 3456 gnaviter
939 3392 1035 3439 cuneta
1059 3400 1131 3455 agas.

347 3469 500 3524 Canidia.
538 3467 643 3523 Faciam
666 3467 691 3522 id
714 3467 822 3530 sellula:
846 3468 892 3523 sed
915 3468 958 3523 cui
980 3466 1096 3540 epistola
1118 3467 1299 3540 consignanda
1321 3467 1390 3523 erit‘t
1573 3478 1596 3517 aa

347 3553 481 3610 Eccius.
520 3552 611 3609 Rubeo
634 3569 708 3614 meo,
731 3553 778 3625 qui
800 3570 857 3609 eain
879 3553 940 3608 dein
963 3551 1087 3626 patribus
1109 3551 1272 3624 conscriptis
1294 3551 1512 3624 repraesentabit.

287 3670 300 3697 ι
347 3638 498 3695 Canidia.
535 3637 645 3693 [liabeo‘l
669 3636 808 3711 inanilogo
831 3637 882 3699 illi,
906 3636 1022 3698 cundici,
1046 3636 1147 3710 stipiti,
1171 3637 1246 3692 asino
1269 3635 1409 3710 plumbeo,
1441 3637 1564 3711 quinon

284 3726 346 3802 plus
370 3722 509 3798 sapientiae
530 3723 611 3778 babet
633 3740 712 3796 quarn
734 3721 820 3796 lapis?

348 3810 479 3866 Eccius.
515 3807 645 3881 linguam
667 3806 786 3870 relroua,
810 3825 871 3864 naus
893 3825 969 3864 inens
991 3814 1040 3864 est.

217 3913 275 3963 §.tn
350 3893 499 3951 Canidia.
537 3894 611 3950 Tuus
633 3893 685 3955 sit,
707 3893 770 3948 dnm
792 3911 868 3950 meus
890 3909 945 3949 uon
967 3893 1015 3954 sit.
1039 3891 1086 3949 sed
1109 3892 1160 3948 iam
1182 3891 1272 3951 itineri
1294 3907 1336 3948 nie
1360 3891 1479 3966 accingo.
1572 3895 1624 3941 ⁴⁰¹

283 4059 484 4071 ———-—-

350 4161 507 4214 ¹Pediatia
525 4162 654 4226 legendam
671 4167 717 4210 eat.
770 4160 930 4230 ⁶Csnidis,
948 4163 1133 4226 ungtieutsriu
1151 4157 1331 4224 venoficsap.
1345 4159 1444 4209 Horat.
1479 4157 1503 4192 ¹⁰
1519 4159 1563 4208 lit·

285 4254 359 4299 teras
373 4250 397 4297 4.
432 4245 455 4278 ¹⁰
471 4243 595 4310 Hircum]
614 4250 719 4295 suetum
733 4245 840 4311 quidem
853 4261 979 4311 sagarum
999 4260 1108 4310 equum,
1128 4243 1176 4294 sod
1193 4250 1286 4294 tamen
1303 4242 1349 4293 bie
1367 4243 1564 4294 loeussdEm·
1606 4244 1609 4254 ⁴

285 4347 376 4384 aarum
394 4331 479 4381 etiam
495 4330 594 4381 referri
612 4331 707 4391 debat,
731 4336 762 4380 nt
778 4333 802 4392 5.
815 4324 857 4389 53.
870 4330 998 4381 ostendit.
1067 4330 1089 4362 ⁸⁸
1106 4331 1149 4380 Da
1166 4329 1269 4379 Iosuuo
1287 4329 1395 4389 Rubeo,
1420 4328 1564 4379 Francoua

284 4415 516 4482 Lougopolitauo,
546 4416 659 4480 eiusque
683 4415 738 4481 lap.
752 4417 874 4466 Leiaelrer.
888 4416 946 4479 lies.
965 4417 1033 4465 Aeta
1049 4416 1097 4465 111.
1117 4411 1427 4487 p.252...271.repeeata)
1455 4429 1564 4463 ouans·

284 4503 361 4553 tione
379 4500 573 4566 disputationis
590 4500 757 4565 Lipsiensis,
778 4501 806 4549 iu
825 4494 883 4565 qnn'
895 4500 1026 4551 Eceionia
1044 4499 1168 4566 partibus
1187 4505 1283 4565 aperta
1302 4492 1393 4559 levet,
1414 4499 1448 4549 do
1462 4500 1562 4549 Ioanne

284 4589 416 4638 Montano
435 4586 561 4650 (Nomina
580 4585 827 4650 Wittenbcrgonsi)
848 4585 927 4636 abde
945 4586 1002 4636 Ios.
1016 4584 1138 4636 cellario
1157 4584 1248 4648 (Nullo
1263 4583 1413 4651 Lipsiensi)
1432 4584 1496 4634 vide
1514 4584 1553 4633 110

208 4704 210 4708 .
285 4673 367 4722 aeder.
391 4671 409 4721 l.
423 4688 447 4722 c.
465 4688 491 4737 p.
503 4669 561 4720 eol.
575 4669 632 4721 785.
643 4686 702 4735 sqq.
719 4670 777 4720 799.
789 4686 847 4735 sqq.
860 4670 919 4720 804.
988 4668 1009 4700 ⁸7
1027 4669 1181 4736 inanilogos
1200 4669 1395 4735 (inaniloquos)
1413 4668 1562 4721 Plaut.l’s.
1634 4711 1637 4722 .

285 4755 308 4804 1.
322 4754 382 4816 bat.
435 4752 523 4820 saluo]
542 4754 675 4806 Similiter
692 4755 726 4805 do
744 4755 839 4805 Rubeo
857 4755 959 4820 passim
977 4753 1122 4805 Lnthcms.
