3276 5414
397 377 442 450 [rx
460 396 547 432 mssa
566 396 662 435 sravrr
680 395 802 433 ruarmo
820 395 855 431 ns
873 395 986 432 avarcrs
1005 376 1154 449 usuraria]

198 881 237 930 ll'e
255 897 334 930 ranerio
351 879 406 929 deve
422 882 513 929 misere
530 880 700 945 diriperetur,
720 882 834 931 addimus
846 897 882 932 en
894 882 992 933 :lesere
1005 878 1085 944 Spleii
1095 881 1178 931 libello
1196 878 1293 943 (lodic.
1307 879 1423 944 bibliopr.

125 982 154 1030 p.
168 963 238 1029 31²³.)
255 972 380 1030 specimen
398 965 454 1028 (sol.
474 966 535 1029 disp)
553 966 616 1016 lior:

197 1089 213 1113 „
228 1087 235 1100 .
250 1087 256 1098 .
270 1087 276 1100 .
289 1066 344 1100 non
363 1056 420 1100 tam
439 1050 495 1100 tilio
513 1066 562 1101 suo
581 1058 661 1116 pater
678 1051 802 1101 afficitur
820 1068 901 1117 quam
919 1053 991 1102 bauo
1010 1053 1128 1117 principi
1142 1053 1229 1102 bonus
1241 1068 1348 1102 servus.
1373 1051 1424 1102 Cui

130 1139 159 1184 et
181 1136 206 1184 si
230 1136 341 1185 fortuna
366 1136 479 1193 laverit,
505 1151 577 1185 nrrnc
602 1136 794 1198 mutationem,
820 1152 892 1187 nunc
910 1138 1026 1187 insidias
1044 1137 1137 1196 times,
1162 1153 1215 1186 nce
1237 1137 1358 1186 dormies
1375 1152 1422 1186 un-

129 1235 211 1285 quam
235 1236 286 1269 noc
310 1220 441 1285 vigilabis
466 1222 493 1270 in
519 1237 598 1286 paee.
613 1220 678 1271 ‘Est
702 1222 815 1285 insuper
837 1237 939 1287 magna
962 1223 1081 1271 virorum
1103 1223 1241 1272 recreatio
1259 1223 1361 1270 meritis
1381 1237 1422 1271 sc·

129 1320 232 1355 cessus.
269 1288 385 1356 Censeo
403 1306 504 1371 aliquis
521 1306 638 1355 retrahit
655 1307 684 1356 in'
701 1305 855 1357 solitarium
877 1306 967 1357 locum
991 1323 1025 1356 ac
1046 1307 1089 1357 vel
1114 1307 1263 1356 meditatur
1285 1306 1330 1356 veel
1355 1306 1423 1371 legit

128 1390 173 1441 vel
191 1391 289 1441 scribit
307 1396 447 1456 totumque
466 1407 495 1441 se
508 1391 595 1440 blesis
613 1391 731 1457 praebet.
752 1398 779 1441 et
791 1407 864 1441 nuuc
876 1392 1033 1451 Platonem,
1053 1407 1125 1441 rrunc
1137 1391 1331 1455 Aristotelem,
1350 1407 1422 1441 nunc

128 1476 261 1537 'l'ullium,
290 1492 362 1525 utine
381 1475 539 1541 Virgilium,
568 1491 640 1526 nunc
659 1476 730 1527 alios
747 1477 889 1537 electores,
918 1476 1091 1526 iamdudum
1111 1482 1243 1536 mortuos,
1272 1477 1322 1526 secl
1347 1476 1422 1525 lama

129 1561 269 1623 viventes,
293 1566 322 1610 et
340 1561 451 1625 scriptis
475 1560 630 1625 alloquitur.
668 1561 722 1610 Sed
745 1561 798 1611 lrac
822 1561 964 1627 voluptate
988 1563 1090 1627 privati
1114 1567 1177 1611 surrt
1201 1562 1335 1622 curiales,
1367 1562 1421 1626 qui,

129 1662 191 1696 cum
209 1662 317 1712 semper
336 1647 363 1695 in
382 1646 438 1695 otio
457 1646 526 1708 sint,
550 1661 689 1710 nrrrrqrrarn
708 1652 800 1695 tamen
819 1647 903 1695 otium
922 1647 1039 1709 habent,
1063 1663 1172 1712 semper
1194 1647 1222 1695 in
1245 1646 1421 1696 multitudine

128 1736 205 1791 sunt,
230 1733 259 1780 in
283 1731 461 1791 clamoribus,
486 1731 514 1780 in
538 1730 708 1780 turnultibus.
745 1731 774 1779 Si
793 1731 845 1780 tibi
864 1747 1058 1796 nonuunquam
1082 1731 1248 1798 particulam
1273 1731 1421 1797 delegeris,

128 1818 157 1867 in
176 1832 230 1882 qua
248 1816 293 1867 vel
311 1815 391 1881 legas
410 1815 514 1880 aliquid
533 1815 577 1866 vel
596 1815 715 1875 scribas,
736 1832 797 1865 rnen
816 1816 916 1881 aliquis
934 1817 1051 1866 instabit
1069 1817 1115 1882 qui
1134 1821 1162 1866 te
1175 1822 1272 1877 vexate
1293 1822 1321 1866 et
1334 1805 1359 1866 si
1372 1816 1420 1865 alii

129 1902 316 1963 cessaverint,
336 1917 391 1952 nou
409 1901 500 1951 aberit
517 1901 705 1966 dispensator,
731 1902 777 1965 qui
800 1906 932 1966 prepete
952 1906 1109 1966 computum
1128 1901 1218 1951 faciat
1236 1917 1348 1966 ceraque
1366 1919 1420 1951 rno-

127 1992 206 2038 vcat:
230 2002 363 2051 nusquam
382 1987 434 2036 tibi
454 1983 571 2050 arrgrrlus
590 1986 699 2051 pate-bit
718 1986 839 2051 quietus,
858 1987 892 2035 'in
917 2001 969 2051 quo
992 1987 1080 2051 possis
1100 2001 1161 2037 cum
1179 1986 1309 2052 Scipione
1329 1988 1420 2037 ‹licere

129 2073 281 2138 ‘Nunquam
300 2072 388 2121 minus
406 2070 480 2121 solus
497 2086 556 2120 sum
575 2087 655 2137 quam
681 2088 741 2121 cum
764 2072 814 2120 sim
837 2072 928 2120 solua'.
965 2072 1083 2138 Oportet
1106 2077 1133 2121 te
1157 2073 1257 2137 priscis
1280 2071 1337 2120 illis
1360 2086 1420 2121 san·

128 2158 235 2221 ctisque
254 2157 321 2207 viris
341 2172 437 2205 carere
457 2162 539 2220 atque
560 2157 632 2205 inter
648 2155 773 2205 homines
792 2158 886 2207 rivere
906 2172 973 2222 (quos
992 2157 1095 2206 rectius
1113 2157 1219 2207 bestias
1232 2157 1305 2205 omni
1319 2157 1421 2205 virtute

128 2248 257 2293 carentes
276 2239 470 2306 appellareris.
506 2240 575 2289 Sunt
592 2242 639 2305 qui
657 2241 752 2291 (licant
770 2240 841 2291 lilios
859 2257 923 2291 suos
942 2242 1046 2292 idcirco
1064 2242 1235 2306 principibus
1248 2242 1373 2301 tradere,
1392 2248 1422 2290 ut

128 2341 217 2377 morea
229 2326 340 2376 discant
353 2325 473 2390 fiantque
485 2326 588 2374 virtute
607 2331 785 2390 preestantcs:
805 2327 903 2376 melius
921 2327 1061 2387 dicerent,
1082 2327 1115 2376 ad
1134 2327 1346 2392 intelligendam
1365 2310 1422 2375 ma*

128 2411 221 2460 liciam
241 2410 492 2475 turpitudinemque
511 2410 671 2459 discendam
689 2427 719 2460 se
739 2411 810 2460 tilios
830 2412 1031 2462 transmisisse:
1056 2417 1120 2461 eruit
1138 2414 1211 2462 enirn
1231 2413 1258 2461 in
1277 2413 1364 2461 curiis
1382 2412 1420 2461 vi·

127 2495 271 2545 tiosissimi
289 2495 426 2557 homines,
447 2511 585 2545 sermones
604 2495 755 2545 inhonesti:
781 2496 828 2545 ille
847 2496 983 2546 lrrrnriam
1004 2497 1189 2559 commendat,
1215 2496 1262 2546 ille
1281 2497 1420 2546 voracita-

128 2586 196 2642 tem;
215 2596 295 2631 nemo
314 2581 347 2630 dc
366 2583 468 2631 virtute
487 2597 517 2630 se
536 2581 637 2638 iactet,
656 2581 704 2630 sed
718 2586 766 2630 eut
778 2582 913 2646 virginem
926 2582 1060 2642 violasse,
1081 2587 1129 2631 aut
1141 2587 1282 2646 stuprasse
1296 2588 1420 2646 nuptam,

128 2670 177 2715 aut
194 2665 321 2715 ramulum
339 2665 489 2727 occidisse,
515 2670 564 2714 erit
586 2667 684 2731 rapina
703 2681 765 2716 sese
785 2666 889 2730 aliquid
908 2671 1018 2716 nactum
1040 2667 1182 2732 gloriatur.
1219 2669 1288 2728 Qum
1311 2666 1421 2715 scelera

127 2753 169 2802 sic
188 2750 381 2802 adolescentes
399 2751 544 2801 imitantur
562 2757 644 2815 atque
665 2751 812 2810 imbibunt,
834 2756 864 2800 ut
882 2751 956 2801 nullo
975 2757 1038 2816 post
1056 2757 1179 2816 tempore
1199 2752 1340 2800 aurittant.
1369 2768 1420 2800 nec

127 2841 155 2888 te
174 2842 254 2903 putes
273 2836 477 2887 adolescentem
496 2836 638 2902 pudicum,
663 2836 796 2896 sobrium,
820 2836 1004 2886 verecundum
1028 2843 1076 2885 aut
1099 2837 1170 2885 bene
1194 2844 1328 2885 irroratum
1349 2837 1421 2901 apud

126 2924 266 2989 principes
285 2923 424 2983 invenire;
443 2936 536 2971 ornnes
555 2920 708 2970 huiusmodi
727 2926 791 2969 sunt
809 2920 904 2984 quales
923 2921 1059 2986 magistri.
1089 2937 1182 2970 verum
1202 2927 1244 2969 est
1263 2923 1336 2970 euim
1350 2921 1420 2986 quael

126 3008 275 3057 Terentius
294 3006 346 3068 ait,
373 3006 408 3055 ad
432 3008 552 3072 peiorem
571 3005 729 3071 queerunque
750 3012 854 3071 partem
874 3006 993 3054 anirnnrn
1013 3005 1161 3070 applicari,
1184 3007 1287 3070 siquis
1306 3007 1340 3055 sul
1360 3022 1419 3055 earu

126 3108 183 3142 rem
202 3091 363 3157 magistrum
382 3093 495 3141 sortitus
514 3091 551 3140 sit
569 3090 734 3155 improbum,
762 3091 803 3139 sic
822 3096 922 3140 natrrra
945 3090 1034 3152 iubet,
1064 3090 1188 3140 velocius
1212 3098 1240 3139 ct
1264 3091 1347 3140 citius
1371 3107 1420 3140 nos

127 3182 303 3242 corrumpunt
327 3176 452 3242 exempla
476 3176 562 3236 mala,
594 3190 655 3224 cunr
680 3175 799 3224 animum
828 3176 937 3240 magnis
966 3177 1125 3225 auctoribus
1153 3176 1279 3225 subeunt.
1316 3176 1420 3226 Refero

127 3263 259 3312 maximas
277 3261 329 3311 deo
348 3266 454 3327 grates,
475 3262 522 3326 qai
540 3261 607 3310 milri
626 3261 680 3309 ianr
699 3260 758 3309 viro
776 3261 909 3324 sequendi
923 3261 1063 3326 principes
1076 3262 1196 3310 animum
1209 3261 1337 3317 tradidit,
1358 3277 1419 3310 curu

126 3347 183 3397 iarn
200 3349 347 3413 parentum
364 3346 482 3396 virtutes
501 3346 609 3411 aliquas
628 3346 669 3394 sic
688 3360 866 3410 acceperam,
891 3353 921 3394 ut
945 3345 1062 3410 amplius
1086 3346 1215 3394 arrrittcre
1233 3362 1286 3395 non
1306 3347 1418 3410 possim.

127 3432 224 3498 quodsi
243 3431 319 3481 aliud
337 3447 390 3479 non
409 3435 466 3491 est,
486 3430 538 3480 hoc
557 3430 654 3480 saltem
668 3429 771 3491 babeo,
792 3431 856 3495 quia
870 3430 1016 3480 nonrrullas
1029 3430 1114 3479 didici
1129 3430 1238 3490 literas,
1259 3446 1327 3496 quas
1340 3432 1418 3495 igno·

126 3533 231 3578 rarem,
249 3517 273 3566 si
291 3517 438 3581 pueritiam
458 3532 546 3565 meam
565 3516 642 3565 curia
660 3516 837 3580 suscepisset.
874 3517 925 3564 Est
943 3516 1016 3564 enim
1029 3517 1057 3564 in
1072 3517 1156 3565 curiis
1168 3517 1322 3581 principum
1337 3519 1418 3566 vitio·

125 3619 185 3654 sum
203 3601 300 3651 literas
318 3616 413 3661 nosse,
439 3606 467 3649 et
489 3600 582 3666 probri
600 3600 662 3651 loen
680 3601 789 3650 ducitur
813 3600 949 3665 appellari
972 3600 1100 3651 disertus.
1136 3602 1185 3650 Est
1205 3602 1298 3666 itaque
1317 3618 1419 3667 inagna

124 3688 297 3738 literatorum
316 3685 457 3747 molestia,
479 3688 588 3751 cumps
607 3687 745 3736 contemni
764 3702 813 3750 per
831 3687 922 3734 orrrnia
940 3684 1047 3747 vident,
1069 3694 1097 3735 et
1115 3703 1159 3736 res
1178 3687 1312 3735 niaximaa
1326 3686 1362 3735 ab
1375 3687 1418 3736 his

125 3773 208 3839 dirigi
227 3773 274 3839 qui
290 3772 337 3823 vix
356 3772 429 3821 inter
447 3786 543 3821 manus
562 3777 590 3821 et
608 3772 691 3837 pedes
711 3777 776 3835 quet
794 3771 899 3820 habeut
917 3771 1020 3835 digitos
1038 3776 1146 3821 norunt.
1189 3771 1243 3821 Sed
1267 3776 1310 3820 est
1334 3773 1418 3821 etiarn

124 3857 268 3909 illiteratis
286 3873 392 3907 summa
410 3857 546 3919 turbatio,
566 3872 627 3906 eum
639 3857 713 3907 viros
727 3859 754 3906 in
768 3840 872 3906 curiam
884 3855 980 3905 doctos
994 3862 1022 3905 et
1034 3857 1135 3906 Latine
1148 3856 1293 3922 loquentes
1306 3858 1418 3906 venisse

124 3944 234 4005 vident,
253 3958 320 4009 quos
338 3949 477 4008 nequeunt
494 3942 662 4007 intelligere.
698 3943 771 4003 Quid
788 3948 926 4008 praeterea
943 3942 977 3992 da
996 3942 1170 3991 conscientia
1188 3947 1237 3990 tua
1249 3941 1418 4006 protulerim,

125 4044 186 4095 quse
205 4044 313 4094 semper
331 4029 455 4093 inquieta
474 4033 517 4078 est
534 4043 695 4093 semperque
715 4033 742 4076 te
760 4028 905 4078 mordet?'’
923 4034 972 4077 ele.
