3276 5414
272 361 344 431 58⁴
711 385 829 421 Dlstfflll
848 383 1121 420 PBBVDORVTTfflcl.

272 556 400 622 reputent
422 564 483 602 euna
505 564 557 620 pro
580 547 670 605 asino:
693 544 741 601 sed
763 545 815 601 boc
839 545 896 618 ipse
919 560 974 599 non
996 551 1089 599 curat:
1113 561 1165 598 vos
1190 549 1296 598 antem
1314 539 1392 596 estis
1409 555 1481 594 uum
1494 558 1575 613 μιμ

272 634 356 689 frater
377 640 404 687 ot
428 630 575 686 mendicus.
612 628 682 685 dabo
707 630 791 702 igitur
814 629 890 684 robis
912 645 995 685 unum
1018 627 1091 684 aliud
1114 626 1294 684 eonsilium:
1320 641 1471 698 nunqnam
1492 623 1575 697 bauto

272 717 389 773 ‘llunera
411 723 589 789 corrumpunt
611 724 639 770 ot
661 715 799 771 obeaeant
821 715 903 770 etiam
926 712 1020 769 oculos
1041 713 1232 789 sapientum?

205 826 223 872 9,
244 825 263 864 a,
339 801 581 857 lloebstratus.
618 800 758 873 Ego'smn
781 800 818 855 ita
841 807 990 873 occupatas
1013 799 1040 853 in
1063 809 1160 855 sancto
1184 790 1322 859 Tliorua,
1356 796 1437 870 quod
1460 814 1575 869 numam·

274 889 301 944 in
325 888 378 942 rita
401 904 459 941 moa
482 884 586 959 perlegi
608 884 728 940 bibliam.
1581 900 1585 905 ·

335 971 489 1027 Stentor.
527 970 584 1025 lloe
606 987 661 1025 non
683 978 727 1025 ost
750 978 838 1025 recte:
862 969 968 1026 laniatis
990 985 1058 1041 orgo
1080 969 1184 1030 adbuc.
1210 968 1280 1041 qnia
1306 985 1366 1042 per
1391 966 1498 1023 nullum
1511 968 1577 1023 abun

273 1057 382 1115 niodum
405 1073 550 1129 prasrnrnua
573 1072 633 1110 cuin
657 1055 762 1109 rinccrc
784 1054 836 1108 nisi
859 1071 909 1127 per
932 1062 1048 1109 textum:
1079 1072 1140 1108 nam
1163 1063 1274 1109 caetera
1300 1054 1405 1108 omnia
1428 1052 1477 1106 ille
1498 1053 1577 1108 inim

272 1151 300 1198 et
322 1158 405 1197 nnnm
428 1140 514 1194 alind:
537 1139 641 1195 debetis
664 1138 784 1194 scribere
808 1138 1000 1199 sanctissimo.
1023 1139 1097 1212 quod
1119 1138 1164 1193 det
1188 1137 1246 1194 sibi
1271 1156 1368 1193 unum
1393 1137 1579 1194 cardinalatum

274 1226 316 1283 rel
337 1225 527 1298 Episcapatnnr
550 1232 576 1278 rt
600 1224 737 1284 ridebitis,
761 1224 833 1297 riuod
855 1224 911 1280 cito
935 1222 1034 1279 tacebit
1053 1233 1082 1279 et
1104 1223 1247 1279 rerncabit
1272 1224 1389 1278 omnia.

207 1340 265 1388 Μ,
339 1310 582 1365 llocbstratns,
619 1309 675 1382 Ego
705 1309 788 1364 timeo
817 1309 891 1381 quod
918 1325 973 1364 uon
1000 1309 1127 1382 recipiet,
1155 1309 1221 1381 quia
1251 1326 1303 1364 res
1328 1318 1376 1363 cst
1402 1310 1488 1364 nimis
1507 1309 1600 1363 diod·¹

257 1405 352 1468 ‘gata
376 1404 404 1450 ot
426 1403 499 1449 essct
522 1393 573 1449 sibi
596 1412 723 1465 magnum
747 1393 917 1457 scandalum
939 1393 1021 1449 oredo
1045 1402 1132 1449 taruen
1155 1394 1232 1466 quod
1249 1411 1390 1448 sunnuus
1406 1395 1531 1467 [matrici
1544 1396 1580 1448 da-

275 1490 317 1537 ret
341 1480 392 1535 sibi
415 1497 470 1535 non
493 1478 581 1534 solum
603 1478 815 1541 tlanlinalatum.
838 1479 887 1535 sed
909 1478 990 1535 etiam
1011 1479 1081 1533 duos
1104 1478 1143 1533 rel
1167 1488 1227 1534 tres
1243 1479 1465 1553 Episcopatus.
1490 1490 1582 1535 tantun

276 1574 306 1621 ut
329 1583 383 1620 non
407 1563 567 1637 loqueretur
589 1568 684 1621 cobtra
706 1563 904 1637 ludulgentias,
927 1571 955 1619 et
977 1571 1072 1619 contra
1094 1581 1169 1619 snam
1192 1565 1361 1619 avaritiam.

340 1652 495 1705 Stentor.
534 1649 560 1704 Si
584 1650 636 1706 boo
658 1667 713 1705 uon
737 1650 822 1711 iurat,
847 1659 911 1705 tunc
932 1658 1007 1705 certe
1031 1648 1129 1704 lactum
1144 1657 1200 1705 est:
1226 1667 1283 1722 ego
1303 1666 1368 1705 nou
1385 1668 1508 1724 possum
1524 1649 1583 1706 ultra

278 1734 432 1791 consulere.

207 1847 265 1896 §.aa
340 1820 583 1876 llncbstratus.
618 1819 676 1892 Ego
699 1819 824 1877 deberem
847 1819 919 1875 ultra
941 1820 1125 1892 interrogare:
1148 1820 1244 1875 caten
1268 1821 1412 1892 magistri
1431 1831 1584 1876 nostriani

275 1914 338 1960 sunt
361 1912 524 1978 praesentes.
549 1913 637 1959 tamen
660 1906 746 1960 unior
768 1924 831 1980 pars
854 1914 896 1961 est
917 1921 1052 1978 praesens,
1075 1913 1103 1960 ot
1125 1904 1185 1959 ideo
1210 1903 1276 1959 rolo
1303 1905 1485 1961 concludere
1501 1926 1585 1963 aetna

274 1991 337 2046 duna
361 2009 409 2045 eos
432 1991 478 2062 qni
502 1990 552 2044 iam
575 1999 640 2045 sunt
663 1999 822 2063 promentes.
866 1989 898 2045 Et
920 1990 991 2046 sicut
1013 1989 1080 2045 bene
1103 1989 1205 2049 audiri.
1230 1988 1336 2045 nullus
1361 1991 1451 2046 babet
1476 1992 1585 2066 compla-

275 2076 406 2136 centiam,
436 2092 523 2147 acque
547 2075 574 2128 in
596 2075 730 2138 Lntboro,
761 2094 848 2149 nequo
871 2075 899 2131 in
920 2074 980 2130 aliis
1003 2075 1080 2130 noris
1103 2074 1191 2148 poetis
1220 2083 1249 2129 et
1279 2075 1502 2138 scribentibus.
1532 2078 1585 2134 boet

275 2178 347 2216 nnus
369 2159 440 2215 dicat
463 2161 516 2221 sir,
540 2159 609 2216 alius
631 2159 726 2223 alitem
757 2169 785 2216 et
808 2161 870 2234 qnia
893 2160 924 2216 ad
948 2177 1068 2234 prosena
1090 2177 1144 2215 uon
1166 2176 1326 2232 possumus
1352 2180 1460 2217 omnes
1485 2162 1606 2219 illorum:

278 2244 363 2300 libros
387 2246 557 2306 exarmare,
580 2245 714 2306 cribrare.
738 2245 900 2320 reprobare.
930 2254 958 2301 et
980 2245 1040 2301 ideo
1063 2262 1113 2318 pro
1136 2261 1208 2300 nunc
1230 2245 1305 2300 nihil
1333 2246 1474 2303 rolnmus
1498 2249 1584 2305 lacera.

276 2330 329 2384 nisi
351 2330 424 2403 quiid
448 2328 571 2385 rnlnmus
593 2331 740 2404 probibere
763 2349 812 2406 per
835 2331 927 2387 literas
949 2338 976 2386 ot
993 2331 1201 2387 instrumentum
1218 2329 1373 2403 publicum
1391 2332 1479 2389 alma
1495 2346 1585 2390 nostra

277 2414 479 2475 Universitatis,
510 2432 543 2470 ne
567 2415 628 2488 quis
651 2415 715 2471 illos
738 2415 904 2472 fabulatores
928 2415 1009 2487 legat.
1052 2415 1157 2471 luterea
1179 2416 1385 2490 unusquisque
1411 2428 1538 2476 restrum
1558 2434 1585 2475 sit

280 2508 414 2561 armatos,
443 2508 470 2553 et
500 2499 580 2555 laeiat
602 2510 733 2573 qnantum
757 2501 783 2557 in
806 2519 835 2557 so
857 2509 898 2557 est
923 2501 948 2556 in
970 2501 1052 2556 domo
1074 2518 1138 2562 sna,
1162 2518 1213 2574 pro
1238 2503 1446 2560 examinandis
1480 2504 1535 2561 illis
1562 2507 1587 2560 b·

209 2600 228 2647 a.
240 2601 268 2642 rr..
280 2583 336 2640 bris
359 2593 519 2658 poetarum,
549 2594 577 2640 et
599 2585 701 2642 scribat
723 2586 750 2641 in
773 2586 915 2642 volumino.
960 2594 1024 2660 post
1048 2595 1102 2641 tres
1125 2602 1232 2640 meuses
1256 2586 1399 2644 rolnmus
1426 2592 1531 2646 iterum
1551 2607 1609 2642 aaa

276 2670 334 2725 nire
357 2679 384 2725 et
407 2670 498 2725 omnia
522 2670 677 2743 imprimere
706 2671 732 2726 in
761 2689 816 2727 nno
845 2670 980 2727 rolnmine
1002 2671 1196 2727 sentimeutum
1220 2671 1462 2749 uniuscuiusque
1488 2678 1516 2732 in
1537 2696 1587 2751 spe

276 2753 353 2816 ciali.
383 2772 444 2811 cuin
472 2754 565 2827 qriotis
592 2764 620 2811 et
649 2756 871 2811 annotationibus
900 2756 986 2812 saneti
1009 2756 1119 2811 Tbomae
1142 2755 1168 2810 in
1191 2757 1334 2829 margine.
1384 2759 1417 2815 Si
1444 2764 1512 2834 quis
1533 2781 1587 2817 reia

277 2840 340 2895 buit·
363 2839 485 2895 Concilio
508 2849 605 2895 nostro
628 2840 749 2914 legitime
771 2850 799 2896 et
822 2842 848 2896 in
879 2842 977 2915 spirito
1006 2851 1100 2897 sancto
1127 2852 1304 2914 congregato
1336 2844 1529 2919 derogarent
1555 2849 1587 2902 rel

277 2924 470 2980 obtrectarunt
499 2924 572 2979 relat
600 2926 688 2981 minas
720 2927 831 2988 idoneo,
861 2926 1073 2999 indignationem
1102 2927 1305 3000 omnipotentis
1336 2929 1385 2985 dei
1419 2932 1548 2988 incurrat
1567 2946 1588 2987 ct

277 3018 457 3065 sacrosanctae
479 3009 606 3065 llmnana·
634 3011 720 3073 sedis,
748 3029 808 3085 qnae
836 3020 878 3068 est
905 3013 932 3067 iu
954 3011 1102 3085 babylone,
1130 3010 1177 3066 ubi
1205 3030 1360 3087 synagoga
1385 3016 1518 3075 Satanas
1545 3020 1609 3074 boa

278 3095 350 3150 mine
372 3094 493 3155 l‘odelle.
516 3095 615 3168 legatis
638 3096 708 3152 banc
728 3097 842 3171 copiam¹

799 3245 1050 3297 CONSTITVTIO.

208 3369 267 3419 μγ,
340 3349 516 3406 Pedellns.
553 3349 581 3405 ln
605 3350 713 3407 nomine
735 3352 853 3413 domini,
876 3354 969 3409 Amen.
1012 3354 1167 3410 dutoritate
1183 3354 1359 3412 sanctissimi
1376 3359 1493 3416 domiui
1511 3374 1590 3417 nostn

278 3453 354 3509 papae
377 3435 485 3490 Leonis.
495 3453 518 3490 r.
535 3444 561 3490 et
584 3434 701 3491 alioruin
723 3445 879 3493 sarictorum
902 3437 1072 3511 pontificum.
1101 3440 1147 3511 qni
1176 3434 1370 3498 lumlarerunt
1404 3455 1437 3500 et
1469 3449 1590 3503 institue

234 3532 237 3537 '
277 3528 342 3577 runt
363 3528 390 3574 ct
414 3520 563 3594 pririlcgiis
586 3522 742 3577 nnmiorunt
765 3521 860 3577 alnnnn
883 3532 1005 3579 nostram
1028 3524 1230 3579 l'nirersitatem
1254 3525 1469 3587 Coloniensern
1492 3543 1521 3587 ct
1544 3535 1611 3588 loa·-

276 3607 442 3666 ranicnsorn.
466 3607 612 3662 statuimus
634 3616 662 3661 ot
686 3608 841 3663 ordinamus
865 3625 915 3663 nos
944 3609 1065 3682 magistri
1093 3610 1179 3664 nostri
1207 3609 1244 3664 do
1265 3609 1391 3668 Colonia
1425 3627 1456 3671 ct
1487 3619 1523 3673 dc
1545 3620 1589 3673 [ιν

277 3692 369 3751 ranio.
394 3709 426 3746 ue
450 3691 476 3745 in
498 3690 566 3746 alma
590 3700 683 3746 nostra
707 3692 898 3754 l'nirersitate,
922 3711 983 3767 qiam
1006 3703 1049 3749 ost
1070 3702 1156 3748 mater
1177 3693 1402 3754 l'nirersitatnrn
1429 3701 1588 3759 Germania.

276 3775 369 3849 legant
391 3775 498 3849 publico
522 3774 561 3832 rel
584 3777 688 3850 prirato
712 3779 738 3832 in
762 3777 863 3833 sobolis
886 3767 1088 3851 Tbcologoruni
1111 3778 1212 3852 aliquid
1233 3779 1269 3835 de
1292 3779 1354 3837 illis
1379 3788 1470 3841 noris
1493 3789 1590 3844 ‹bactri-

276 3861 333 3922 nis,
357 3879 417 3935 rrum
441 3863 491 3917 iarn
515 3862 644 3918 suadente
667 3862 777 3918 diabolo
800 3874 968 3919 emerserunt
991 3872 1019 3919 et
1041 3864 1172 3920 seducunt
1194 3863 1346 3937 plurimos.
1398 3871 1538 3947 insuper.
1561 3894 1589 3929 re

275 3946 308 4001 de
332 3946 386 4022 illis
409 3946 570 4019 dirimantur,
595 3947 635 4004 rel
658 3948 778 4004 scribant
801 3948 827 4003 in
850 3948 976 4022 epistolis
998 3948 1039 4004 rel
1061 3948 1139 4010 alibi;
1161 3958 1189 4004 ot
1210 3967 1244 4004 no
1268 3949 1381 4009 librarii
1408 3956 1522 4031 aliquid
1547 3940 1606 4014 aba

277 4040 386 4103 portent
410 4031 450 4086 rel
474 4033 589 4088 vendant
611 4033 782 4090 sobolaribus
805 4034 921 4096 undrim
951 4043 978 4088 et
1000 4033 1154 4107 religiosis,
1181 4051 1215 4090 ne
1244 4035 1298 4109 ipsi
1331 4038 1449 4114 aliquid
1481 4044 1590 4100 illorum

276 4127 410 4189 reponant
439 4118 466 4172 in
488 4118 546 4173 suis
573 4117 708 4180 librariis,
738 4119 789 4175 sub
813 4128 871 4175 taxa
888 4119 944 4172 ¹iiia.
968 4137 1118 4176 aiiarcarum
1146 4120 1204 4175 auri
1234 4121 1344 4178 totiens
1374 4128 1521 4198 quotiens
1548 4132 1590 4186 dc·

420 4283 478 4291 -4

342 4382 352 4412 ³
371 4385 485 4434 Munera
503 4383 544 4449 ac]
564 4386 607 4434 Cf.
621 4387 642 4435 1.
657 4387 724 4450 Iton.
740 4386 813 4436 l'lll.
828 4386 852 4437 3.
872 4387 915 4436 lta
929 4385 1042 4452 Gregor.
1056 4389 1123 4437 Nea.
1137 4388 1200 4438 diat.
1214 4387 1256 4437 71.
1271 4405 1298 4454 p.
1316 4390 1380 4441 155.
1395 4394 1432 4444 Τ.
1448 4397 1489 4446 ll.
1505 4399 1567 4448 Bill.

578 4470 692 4533 Χρυσοῡ
711 4469 864 4528 λαλοῦντος
882 4470 938 4531 κάς
955 4462 1135 4537 alunantiae
1154 4467 1248 4538 λόγος·

578 4554 695 4606 πείθειν
713 4551 766 4621 γὰρ
785 4550 848 4606 οἶδε
866 4552 916 4606 καὶ
934 4550 1046 4621 πέφυκε
1064 4552 1103 4625 μὴ
1122 4553 1223 4624 λέγειν.

277 4636 471 4703 Ci.dpostolii
491 4641 777 4693 l‘aroem.xv111.3n.
845 4640 864 4673 ¹²
882 4658 936 4692 nou
954 4645 1065 4694 omind.
1123 4643 1146 4675 ⁸³
1165 4644 1293 4697 Ridicule
1312 4648 1417 4701 stilum
1446 4653 1586 4706 buum

276 4723 685 4786 papaliumirnitatnrnuotor.
764 4726 783 4757 ¹²
802 4727 954 4793 lijlibrariis
973 4733 996 4779 1.
1341 4736 1346 4745 '
