3276 5414
194 368 267 439 384
433 382 481 431 Xl.
553 398 714 434 rannone.
784 399 924 433 nrauoors
945 398 1133 435 uvrrssrcrs.
1161 384 1258 449 (tuto.)

191 549 376 628 gff'ffissgffiffl
398 546 406 616 Ι
429 552 497 630 ipsi,
527 553 619 611 eierta
641 550 811 619 nobilitate,
840 551 911 620 soli:
943 559 972 613 et
993 553 1173 630 patrimonia
1204 561 1322 614 nostra
1346 553 1502 630 partiamur

194 656 269 713 intur
292 672 360 719 llos,
393 671 489 732 ruupu
512 652 622 712 babere
645 655 803 732 (pruisquam
826 653 911 713 uobis
932 652 1015 722 licet,
1044 656 1100 716 nisi
1129 657 1219 732 purius
1255 655 1432 716 concedant
1456 656 1501 715 isti

123 756 280 819 usatbmo
304 755 380 813 euim
403 754 449 813 bis
471 753 644 815 authoribus
666 774 731 834 quan
753 763 853 815 tustra
877 756 1017 834 ouiuupue
1040 764 1124 825 suut,
1150 756 1339 817 eorrrnuruia
1355 758 1430 817 liunt
1451 756 1502 833 ple·

191 855 380 937 32‘3222'23225·
403 856 410 923 l
434 875 574 934 rumque,
609 864 689 916 reeta
717 858 814 916 omnia
845 858 874 916 in
903 855 1024 917 dubium
1055 864 1216 919 uocantur:
1257 859 1311 918 ita·
1336 856 1502 919 llexibilibus

192 965 314 1018 utumtm·
337 957 464 1035 legibus:
488 975 546 1016 uon
568 957 680 1036 absque
702 959 814 1034 ingenti
835 976 889 1017 suo
912 957 1083 1026 rommodm
1115 957 1167 1018 um
1191 961 1281 1019 eninr
1306 958 1429 1021 lue-rum
1450 976 1514 1019 nous

192 1057 330 1134 fflss‘tll
384 1067 428 1118 est
449 1059 513 1118 bis?
535 1066 586 1119 aut
608 1059 677 1137 quid
701 1059 812 1120 laniunt
833 1060 907 1120 lucri
930 1077 982 1138 spe
1005 1059 1136 1119 remota?
1160 1061 1213 1139 qui
1240 1080 1278 1122 se
1303 1080 1380 1122 uero
1401 1061 1501 1122 aliioo

193 1162 303 1237 piosius
326 1159 497 1238 opulentant
520 1162 615 1220 uuunol

256 1282 430 1323 uvrrssvs.
469 1260 545 1322 Nulli
572 1262 721 1339 prolecto:
755 1279 822 1322 nam
856 1262 949 1323 indies
977 1263 1153 1324 cumulatius
1184 1273 1215 1324 et
1248 1267 1433 1327 avarissime
1454 1267 1501 1325 ian

194 1371 325 1425 statuunt
348 1365 479 1441 proeium
502 1382 563 1424 suar
585 1364 776 1441 professioni,
799 1367 837 1425 ita
862 1372 892 1424 ut
915 1372 999 1425 natos
1015 1383 1065 1426 eos
1080 1365 1269 1443 accipiendae.
1286 1368 1429 1447 pecuniae
1443 1385 1501 1444 pro

125 1483 282 1534 suasuros
322 1476 329 1544 p
359 1466 452 1526 rerbii
482 1467 541 1525 uice
570 1464 673 1542 uulgus
700 1467 818 1526 iaetitet.
857 1466 1015 1544 compilant
1043 1473 1140 1527 antem
1169 1466 1339 1547 Principes
1372 1471 1523 1533 maximum

192 1564 348 1651 ξξξᾞζξηξζζζ
372 1563 379 1633 Ι
407 1570 449 1628 siu
471 1569 627 1628 infatuatos
650 1566 687 1627 ab
710 1585 757 1635 se,
787 1576 820 1628 ut
848 1584 974 1645 regnare
1004 1568 1088 1647 plane
1118 1568 1288 1645 desperent
1317 1570 1437 1650 absquo
1464 1570 1502 1629 bs

194 1668 426 1728 consultoribus:
450 1667 643 1746 quraurobrunu
666 1669 806 1747 quicquid
828 1678 932 1747 agrrnt,
956 1670 1062 1730 borum
1085 1671 1168 1748 quusi
1191 1670 1332 1749 qtuodarn
1351 1671 1500 1751 impelluu

194 1778 243 1829 tur
264 1769 350 1840 llatu;
374 1789 470 1849 nequo
493 1770 601 1830 suadent
624 1773 777 1840 resistere,
800 1771 851 1830 sud
875 1791 910 1831 ex
934 1772 1040 1832 borum
1063 1768 1197 1833 formulis
1219 1778 1254 1830 et.
1276 1772 1501 1834 actionibusdi·

126 1879 268 1933 tyrucmrt
290 1879 319 1933 ot
341 1872 450 1932 larirrnt
473 1873 570 1932 omnia
594 1871 866 1951 obsequentissime.
905 1890 993 1952 quam
1015 1872 1186 1951 Principum
1210 1872 1407 1935 dementiam
1432 1873 1501 1951 uulgi

195 1971 351 2049 Plpsstggssffl
373 1982 380 2053 Ι
404 1974 558 2051 oppressio
580 1976 712 2053 sequitur
735 1976 917 2035 necessario:
940 1994 1037 2054 troque
1060 1973 1152 2035 ullum
1167 1983 1213 2034 est
1228 1975 1399 2037 lruuninum
1414 1993 1523 2054 genoso

196 2099 347 2134 auronum..
370 2091 378 2160 Ι
400 2076 479 2154 (μιοιΙ
503 2094 561 2134 nou
584 2075 720 2155 religioso
742 2084 876 2154 oporteat
898 2075 1167 2141 lurenousultorum
1184 2076 1313 2138 oracula
1328 2077 1499 2139 consulere:

197 2178 344 2239 adeuntur
360 2177 396 2238 ab
417 2177 569 2246 omnibus,
593 2194 697 2253 magna
714 2196 781 2238 oum
805 2179 922 2239 miseria
945 2177 1076 2256 publiea:
1101 2179 1233 2256 prolecto
1259 2181 1343 2239 enim
1370 2178 1499 2241 rnultiab

201 2280 246 2340 bis
269 2279 413 2359 impediti,
437 2279 507 2339 ilum
530 2286 633 2339 uooles
655 2287 743 2357 atque
766 2280 828 2340 dies
851 2281 1028 2341 meditantur
1051 2297 1169 2340 caussas
1191 2296 1279 2348 snas,
1304 2280 1344 2341 ad
1362 2282 1499 2341 insaniam

196 2403 335 2439 auronum.
351 2379 358 2448 Ι
382 2400 474 2459 usque
497 2381 663 2442 afflixerunt
686 2398 765 2450 seso,
789 2381 907 2459 quddam
929 2383 991 2442 ritae
1005 2381 1091 2441 taedio
1107 2380 1164 2440 rim
1178 2380 1353 2443 intulerunt
1369 2384 1427 2458 ipsi
1441 2382 1498 2442 sibi,

127 2499 255 2550 §.auson
272 2490 356 2560 rurae!
419 2502 619 2544 suessorsous.
657 2483 753 2542 Frons
768 2501 859 2562 porro
875 2482 1144 2544 lureeousultorum
1160 2482 1256 2561 qualis
1273 2491 1335 2554 est,
1362 2485 1525 2546 lluttene!a

259 2605 433 2647 aurursus.
471 2583 677 2663 Plrilosoplrica
699 2591 758 2653 est,
783 2604 850 2645 rum
872 2587 989 2646 interim
1011 2586 1084 2646 meri
1106 2583 1227 2646 lenones
1250 2585 1311 2663 ipsi
1332 2587 1408 2647 siut.

260 2705 460 2748 rnaucrsovs.
499 2687 540 2746 lta
564 2695 622 2747 est:
647 2706 713 2748 ourn
736 2687 815 2747 enim
837 2685 915 2747 nulla
931 2689 968 2746 sit
983 2706 1098 2747 unorum
1114 2687 1256 2765 grauitas,
1282 2686 1390 2749 multus
1405 2696 1499 2751 bueu-

198 2787 284 2849 leutia
308 2787 482 2847 metuendos
504 2806 535 2848 se
566 2793 663 2865 potius
691 2807 779 2867 utram
809 2788 990 2849 verrorabiles
1018 2789 1141 2865 laniunt,
1176 2797 1411 2869 coegeruntque
1439 2791 1499 2851 liuta

195 2888 303 2972 {232pr
331 2890 338 2955 Ι
368 2891 506 2968 grauitate
528 2892 584 2950 iam
608 2891 688 2950 orbis
710 2909 785 2968 pone
809 2899 840 2950 ut
869 2892 997 2950 internus
1026 2890 1079 2951 sibi
1108 2892 1144 2949 sit
1171 2897 1272 2950 nostra
1305 2891 1418 2970 eulpa:
1450 2910 1500 2952 eur

195 2992 232 3051 ita
256 2993 332 3051 enim
356 2990 514 3051 dillidiums
536 2992 673 3071 probitati
696 2999 818 3061 nostrae,
843 3000 874 3051 ut
896 2993 931 3052 ad
954 2992 1061 3052 borum
1084 2992 1176 3052 edicta
1197 2993 1393 3054 remittamus
1409 2993 1528 3073 publi-n

194 3090 296 3168 3333le
318 3088 326 3158 l
359 3111 407 3152 eas
430 3101 459 3153 et
480 3094 607 3171 priuatas
629 3093 726 3154 stolidi
748 3096 895 3154 actiones?
926 3112 979 3154 run
1002 3093 1079 3172 ‹pmd
1102 3095 1219 3171 optimis
1240 3095 1289 3153 rix
1313 3097 1502 3156 committen-

196 3194 265 3253 dum
289 3202 367 3259 erat,
392 3195 526 3271 pessimis
548 3196 755 3256 concreditur?

128 3293 390 3371 l.to·g‡²:,¹,³23,¹‚,¹f²‘⁸⁰‘³t
456 3317 628 3359 uuuunuvs.
668 3299 741 3370 Quia
769 3299 907 3358 miseram
937 3304 1054 3375 oportet
1081 3315 1145 3357 osso
1173 3298 1369 3359 Germaniam
1402 3317 1500 3362 neres-

198 3398 290 3457 sario:
314 3416 381 3457 uam
405 3399 553 3475 quomodo
577 3399 683 3459 adaluei
706 3403 861 3478 potuisset,
885 3406 917 3458 ut
940 3400 1123 3476 corruptioni
1145 3416 1259 3459 summe
1283 3398 1430 3471 obnoxiis
1452 3401 1501 3461 bo·

194 3496 416 3580 {Lalssulffilnllfipl
445 3500 626 3560 minibus-ut
648 3504 697 3579 qui
721 3500 791 3562 uibil
814 3520 872 3561 nou
896 3503 1029 3578 pecunius
1057 3503 1150 3578 gratia
1180 3499 1307 3567 iaciunt.
1338 3504 1529 3563 maximam·

195 3599 302 3660 babeat
323 3601 426 3671 tidem,
450 3603 504 3661 uisi
526 3604 555 3662 iu
579 3602 646 3663 latis
669 3603 725 3662 boe.
748 3610 839 3671 esset,
864 3611 895 3663 ut
917 3603 1071 3680 aSuporis
1092 3602 1277 3680 infligeretur
1300 3619 1394 3679 prena
1418 3602 1500 3664 boo?

195 3701 249 3762 Ubi
272 3719 350 3779 saepe
373 3702 513 3763 molestos
536 3723 600 3764 sum
624 3704 771 3782 equitibus
794 3706 914 3774 uostris,
944 3704 1014 3765 dnm
1037 3703 1169 3765 adolamo
1191 3703 1300 3781 iugiter
1324 3716 1400 3765 ‘non
1424 3705 1499 3766 alde·

194 3805 243 3872 tis,
268 3804 383 3873 irrisuri,
414 3824 472 3864 uon
496 3805 612 3874 ridetis,
648 3825 721 3885 quiris
744 3805 871 3866 consiliis
894 3805 1038 3866 adhibetis
1060 3824 1153 3875 nuno,
1186 3804 1325 3875 eosdem,
1362 3809 1389 3867 si
1414 3807 1500 3868 delur

194 3906 334 3982 pecunia,
358 3905 532 3967 advorsariis
547 3925 664 3985 (puroque
680 3906 901 3967 rousulturosl'
926 3915 954 3967 ot
974 3907 1099 3969 subinde
1121 3905 1253 3984 exempla
1268 3905 1403 3979 inculco,
1428 3926 1499 3988 quo·

195 4024 261 4067 mun
285 4007 412 4068 arebana
435 4028 522 4087 quam
546 4008 657 4086 perlida
680 4009 716 4069 ab
741 4009 785 4068 bis
807 4009 921 4069 ‹leleeta
945 4017 973 4069 et
996 4009 1111 4087 prodita
1133 4010 1198 4068 siut.
1237 4024 1336 4088 nequae
1365 4023 1529 4089 nuntiatur>

124 4116 192 4166 utto.
205 4106 317 4183 5:235&
339 4118 347 4185 Ι
370 4109 476 4170 uurtbor
499 4130 563 4171 osse
585 4112 687 4171 desino
710 4112 893 4175 Germaniae.
918 4119 949 4170 ut
972 4111 1047 4171 rurale
1069 4110 1190 4170 mulctet
1212 4095 1378 4187 improbos.
1427 4113 1498 4173 mira

195 4207 303 4295 mig?
318 4209 347 4243 uu
368 4230 376 4298 p
399 4219 444 4271 est
466 4214 542 4272 enirn
566 4213 603 4273 ub
627 4212 671 4272 bis
694 4230 808 4273 morum
832 4212 941 4290 ubique
964 4213 1114 4290 contagio,
1149 4228 1262 4271 somma
1291 4213 1360 4271 vioe
1392 4212 1500 4292 depra-

195 4312 287 4378 ratiu,
311 4312 436 4374 urrarima
459 4314 582 4392 flagitia:
607 4332 675 4373 uam
698 4314 830 4393 quisquis
853 4316 881 4373 iu
906 4316 1034 4394 oninium
1058 4313 1169 4373 inducit
1183 4312 1364 4372 calumniam
1381 4321 1499 4376 stnrere

259 4531 270 4561 ³
289 4532 449 4598 pluerunqno
469 4537 493 4582 1.
546 4534 557 4563 ⁹
576 4530 715 4598 proverb]
736 4534 802 4582 mibi
816 4535 914 4596 ignoti.
934 4535 1102 4583 corrtrarium
1116 4533 1175 4582 lere
1188 4531 1240 4580 boe
1259 4536 1304 4581 ost
1318 4534 1372 4583 lint
1388 4535 1499 4586 aaran

191 4630 264 4677 oper,
293 4617 338 4665 dot
357 4618 514 4667 lastinianus
531 4619 649 4667 domnus.
681 4618 723 4666 Cf.
739 4617 803 4680 dgr.
828 4634 845 4667 a
863 4618 1035 4669 Netleslueim
1060 4634 1084 4667 c.
1101 4616 1143 4666 93.
1164 4617 1211 4666 nit„
1301 4616 1324 4651 Ἰ
1352 4618 1456 4671 (tontes
1474 4624 1497 4671 1.

191 4695 213 4727 ‘¹¹
234 4698 416 4766 rutuurrscrs]
436 4705 504 4750 ortuis.
521 4706 543 4751 l.
