3276 5414
305 428 310 439 '
379 427 634 461 F.A.t·.ntt³1rhtrvs
655 427 688 460 m:
709 427 794 460 ont'rv
815 427 884 460 tt'tll
906 427 929 460 Ρ.
944 427 971 461 ΙΙ.
1025 429 1050 461 Δ.
1065 427 1092 460 D·
1107 427 1231 461 it.n.x1i1.
1371 396 1440 465 451

111 595 114 601 “
152 583 286 657 explicare
310 583 464 656 sigillatim,
498 583 597 656 quihus
625 583 728 638 artilms
756 601 803 639 eos
831 584 968 658 principes
996 584 1028 639 ad
1058 592 1110 638 tam
1139 582 1323 656 periculosum
1346 583 1446 639 hellum

109 681 113 713 t
153 669 290 725 excitarim
320 669 346 722 in
379 667 560 730 Christianos,
592 685 662 741 quos
689 667 781 723 nullus
809 685 929 742 unquam
958 669 1080 742 pontilei
1108 666 1150 723 vel
1179 669 1205 723 iii
1228 668 1329 724 aureas
1356 669 1447 742 potuit

109 766 112 800 ἕ
152 753 279 809 excitare.

109 855 146 893 ¹.
217 838 357 892 Petrus.
396 839 430 891 lit
452 837 510 892 heri
534 845 640 911 petest.
664 846 694 892 ut
719 836 851 893 liellormn
875 837 1027 894 incendium
1050 855 1100 911 per
1124 846 1149 892 te
1165 836 1326 892 suscitatum
1341 837 1448 893 univer·

109 939 213 977 'asum
235 922 352 994 denique
375 922 504 977 mundum
525 922 666 995 corripiat.
1165 912 1172 920 ’

217 1005 338 1061 lulius.
376 1007 511 1080 Corripiat
539 1023 616 1066 sane.
651 1008 732 1062 medo
763 1007 881 1062 llomana
910 1007 987 1062 sedes
1014 1007 1173 1078 dignitatem
1195 1015 1229 1061 'et
1260 1007 1449 1079 possessiones

154 1099 265 1146 tueatur
293 1108 369 1152 suas:
400 1091 506 1146 tametsi
534 1099 648 1147 cenatus
678 1111 736 1147 sum
767 1110 873 1147 onmem
903 1091 965 1146 helli
992 1091 1094 1146 molem
1117 1090 1149 1146 ah
1171 1091 1245 1146 ltalis
1268 1091 1294 1146 in
1318 1091 1449 1147 llarliaros

153 1176 281 1237 relicere:
304 1176 432 1232 dimicent
454 1175 492 1230 illi
510 1185 640 1249 quantum
657 1177 754 1238 velint,
778 1195 828 1231 iios
851 1176 1032 1250 spectabimus
1054 1184 1082 1231 et
1104 1175 1230 1230 fortassis
1253 1175 1361 1231 illorum
1378 1177 1450 1231 hue·

154 1277 216 1314 mur
238 1261 351 1315 insania.
677 1252 681 1259 ⁴

115 1360 145 1400 to
219 1346 352 1400 Petrus.
391 1345 453 1401 llaec
476 1363 542 1417 erge
564 1345 632 1400 nihil
654 1346 793 1420 pertinent
815 1346 845 1401 ad
870 1356 1006 1420 pastorem
1030 1355 1057 1401 et
1080 1353 1184 1420 patrem
1201 1345 1399 1401 sanctissimimi
1416 1351 1517 1402 etl-¹¹⁵·

156 1429 256 1484 Christi
280 1430 425 1485 ricarium?

219 1513 342 1569 lulius.
380 1515 433 1569 Cur
451 1515 574 1572 excitant
597 1514 730 1570 schisma?

219 1600 354 1653 Petrus.
393 1601 474 1671 dtipii
498 1609 606 1673 peccata
630 1617 824 1674 nonnunquam
848 1600 956 1654 serenda
981 1607 1060 1661 sunt.
1084 1599 1106 1655 si
1130 1598 1191 1674 pilus
1214 1599 1349 1656 malorum
1371 1611 1449 1656 esta

154 1682 266 1738 medela.
311 1683 407 1738 deinde
426 1684 452 1738 si
477 1693 505 1738 tu
527 1684 672 1739 concilium
695 1685 865 1745 admisisses,
891 1701 944 1740 nen
968 1693 1027 1739 erat
1049 1684 1126 1740 locus
1149 1685 1306 1740 schismati.-

116 1782 144 1823 ιτ)
221 1760 451 1823 ΙυΙίυε.’Βοηῑι
475 1768 568 1824 rerba:
598 1786 650 1840 ego
679 1778 803 1825 sexcenta
834 1768 901 1824 hella
931 1768 1020 1824 caralim
1044 1787 1123 1842 ipram
1146 1768 1305 1824 concilium:
1335 1768 1398 1842 quid
1421 1770 1517 1823 siene

156 1871 199 1908 me
221 1852 421 1908 submovissent
443 1871 458 1908 a
480 1853 620 1926 pontilicio
643 1853 725 1909 veluti
749 1854 924 1909 simoniacum
947 1862 975 1909 et
997 1852 1201 1926 negociatorem
1224 1853 1370 1927 pontificii,
1394 1871 1448 1910 iioii

156 1936 331 2011 pontificem?
354 1937 418 2010 quid
442 1938 464 1991 si
488 1954 595 1993 omnem
618 1938 697 1993 vitam
721 1956 805 1994 nicam
830 1938 1015 2012 prodidissent
1038 1940 1065 1993 in
1087 1938 1203 2011 vulgus?

220 2023 357 2077 Petrus.
395 2021 480 2076 Etiam
510 2022 532 2076 si
560 2039 640 2078 verus
663 2024 784 2096 pontifex
806 2041 898 2085 esses.
928 2032 1016 2078 tamen
1040 2024 1125 2078 satius
1147 2031 1206 2078 erat
1229 2022 1332 2078 honore
1355 2023 1450 2079 cedere

156 2124 236 2179 ipram
261 2107 343 2161 tantis
367 2106 440 2161 orhis
457 2107 602 2161 Christiani
628 2107 705 2162 hellis
728 2108 804 2163 malie
827 2114 899 2162 tuliin
924 2108 994 2163 tiieri
1017 2108 1193 2181 dignitatem,
1217 2107 1240 2162 si
1263 2107 1344 2162 niodo
1359 2107 1448 2179 digni·

112 2200 199 2247 eritas
222 2199 264 2245 est
287 2192 461 2264 episcopatus
484 2191 596 2263 indigeo
618 2193 793 2254 commissus,
823 2211 853 2248 ac
876 2209 909 2248 ne
932 2191 1093 2248 commissus
1117 2192 1241 2265 quidem.
1272 2192 1319 2246 sed
1342 2200 1451 2265 emptus

157 2284 185 2331 et
208 2285 344 2348 arreptus.
397 2277 467 2331 unde
490 2276 556 2332 illud
579 2276 644 2331 mihi
668 2277 757 2333 ohitcr
779 2278 851 2333 iciiit
871 2277 901 2345 iii
924 2285 1055 2339 mentem.
1086 2285 1112 2332 te
1134 2276 1252 2333 consilio
1275 2276 1391 2349 quedam
1413 2276 1453 2331 di·

158 2361 222 2415 viuo
246 2360 329 2415 Gallis
351 2360 473 2415 extitisse
496 2369 615 2434 pestem,
639 2363 685 2434 qiii
710 2362 785 2436 prius
805 2361 929 2418 ecclesiae
953 2371 979 2418 te
1002 2371 1106 2435 pestem
1130 2361 1289 2416 invexerint.

222 2444 343 2500 lulius.
380 2446 431 2500 Per
447 2445 580 2519 triplicem
596 2463 724 2502 coronam
742 2448 818 2509 iuro,
842 2464 945 2520 perque
962 2464 1037 2502 mces
1051 2446 1220 2502 clarissimos
1236 2445 1398 2519 triumphos,
1422 2445 1521 2502 siluri.

158 2529 224 2585 mihi
248 2529 328 2585 hilem
351 2530 481 2591 moreris,
505 2531 607 2586 senties
629 2541 656 2587 et
680 2540 709 2586 tu
734 2533 784 2587 iim
808 2532 876 2587 hilii.

117 2629 176 2680 23,
222 2614 359 2670 Petrus.
396 2615 417 2669 t)
440 2615 646 2687 phreneticum!
670 2616 767 2671 Verum
790 2617 920 2673 hactenus
943 2615 1010 2671 nihil
1034 2616 1129 2677 aratio,
1153 2616 1206 2671 nisi
1228 2616 1322 2671 ducem
1339 2631 1394 2671 nori
1410 2632 1453 2670 cc·

156 2695 352 2761 elesiasticum,
376 2700 422 2755 sed
445 2700 617 2762 inundanum,
643 2695 706 2776 [nee
729 2702 891 2757 mundanum
915 2711 1035 2763 tantum,
1065 2701 1112 2756 sed
1134 2701 1287 2761 ethnicum,
1316 2700 1371 2755 imo
1394 2699 1453 2754 etli-

157 2784 226 2839 nieis
250 2783 465 2839 sceleratiorem:
496 2783 623 2856 gloriaris
646 2781 686 2861 te]
711 2785 856 2859 plurimum
879 2785 1003 2860 potuisse
1026 2786 1057 2841 ad
1080 2785 1253 2841 discindenda
1278 2784 1390 2844 hedera,
1421 2784 1452 2839 ad

158 2869 344 2923 inllaminaiida
368 2868 453 2929 holla.
482 2869 514 2922 ad
537 2879 643 2942 strages
666 2871 804 2926 hominum
827 2870 996 2927 excitandas:
1027 2872 1078 2926 ista
1101 2870 1226 2925 Satliaiiie
1255 2877 1378 2943 potestas
1400 2877 1451 2929 est,

158 2970 212 3008 oen
236 2946 386 3026 pontilicis:
415 2953 462 3026 qui
484 2952 584 3008 Christi
612 2954 739 3011 vicarium
769 2972 797 3011 se
826 2957 903 3016 lacit,
933 2973 994 3011 eiim
1025 2963 1135 3030 oportet
1157 2955 1189 3011 ad
1212 2953 1285 3009 illius
1307 2951 1520 3026 exemplarem·

119 3055 240 3110 :eripiam
264 3039 415 3110 pinninum
438 3038 579 3094 accedere:
607 3048 649 3095 est
680 3041 706 3096 in
736 3040 784 3096 illo
807 3059 909 3096 summa
933 3049 1069 3114 potestas,
1098 3040 1144 3096 scd
1167 3057 1228 3095 cuni
1251 3055 1354 3094 summa
1378 3036 1455 3092 honi·

161 3131 216 3177 tate
239 3123 397 3183 coniuncta,
428 3130 455 3177 et
478 3140 581 3178 summa
603 3124 750 3197 sapientia.
782 3126 828 3180 sed
851 3125 1064 3198 simplicissima:
1094 3125 1121 3180 iri
1144 3133 1170 3179 te
1192 3122 1338 3198 potcstatis
1360 3121 1455 3195 imagi·

159 3224 221 3262 nem
244 3207 320 3262 rideo
343 3225 404 3262 cuin
427 3224 530 3263 sumina
552 3209 656 3265 malicia
680 3227 836 3282 summaque
859 3208 977 3265 stulticia
1000 3207 1163 3283 copulatam.
1200 3206 1299 3281 quodsi
1321 3205 1455 3263 malorum

160 3292 287 3364 princeps
309 3291 434 3347 diaholus
455 3291 584 3348 vicarium
606 3294 657 3348 sihi
688 3294 779 3367 cupiat
808 3293 974 3366 subrogare.
1004 3311 1084 3367 quem
1111 3293 1204 3367 petius
1233 3292 1346 3347 asciscat
1374 3308 1453 3365 qnam

162 3376 200 3429 tiri
225 3375 357 3432 similem?
381 3376 425 3432 ltic
447 3376 494 3431 uhi
515 3376 561 3433 ulii
584 3395 683 3433 rerum⁴
700 3376 880 3451 apostolicum
902 3377 1010 3450 egeris?

122 3470 151 3506 κδ
227 3458 348 3515 lulius.
385 3460 452 3527 Quid
476 3462 562 3534 magis
583 3461 762 3536 apostolieum
786 3479 864 3535 miani
887 3478 987 3534 augere
1008 3461 1108 3516 Christi
1130 3459 1293 3516 ecclesiam?
1453 3461 1522 3510 llll.

225 3544 360 3599 Petrus.
398 3546 480 3619 Atqui
509 3547 531 3601 si
555 3545 668 3602 ecelesia
696 3556 738 3602 cst
766 3545 884 3620 populus
913 3545 1097 3607 Christianus,
1132 3545 1232 3599 Christi
1260 3543 1360 3617 spiritu
1388 3559 1453 3598 coii-

160 3628 327 3701 gliitinatiis.
356 3629 521 3686 suliiertisse
550 3631 621 3686 mihi
643 3632 743 3687 rideris
770 3628 924 3693 ecelesiam.
954 3631 1000 3704 qui
1024 3629 1118 3686 orhem
1139 3629 1294 3684 universum
1316 3627 1348 3682 ad
1372 3634 1455 3682 teter·
1482 3626 1489 3635 ’

161 3713 228 3767 rima
252 3713 321 3768 halla
344 3714 484 3776 excitaris,
508 3732 563 3788 quo
586 3723 616 3771 tu
639 3717 749 3791 impune
770 3716 856 3772 malus
879 3724 907 3772 et
928 3714 1059 3789 pestilens
1082 3731 1167 3770 esses.

162 3827 365 3838 ——n-—-

231 3894 380 3960 ¹’coripint
399 3899 421 3945 1.
485 3896 650 3946 'tanturm
715 3896 840 3963 ¹velint]
859 3898 967 3947 libet2.
987 3903 1034 3946 ete.
1059 3892 1454 3952 Gennanatxvtltap.

162 3978 183 4011 ¹⁰
201 3980 327 4028 Pertinet
344 3981 397 4029 hec
410 3981 444 4029 ail
457 3985 596 4044 pastorem
616 3986 643 4029 et
656 3986 771 4045 patrem.
785 3986 810 4030 2.
838 3980 964 4031 Pertinet
982 3981 1032 4030 hoc
1052 3980 1087 4029 ed
1106 3996 1162 4029 rein
1183 3984 1210 4028 et
1229 3983 1335 4044 petrem
1355 3979 1453 4027 3.8.11.

162 4063 184 4096 ¹¹
201 4064 307 4137 esiliam
327 4068 351 4112 1.
426 4063 448 4096 ¹⁷
465 4064 678 4128 perdidicissem
701 4065 940 4129 prodidissentque
965 4067 1091 4114 asem.
1134 4063 1299 4128 perdidisset
1322 4061 1455 4126 prodidis-

162 4153 252 4212 sentq3
271 4153 296 4197 5.
320 4147 559 4212 prodidissentque
583 4147 676 4210 (emtas.
695 4149 918 4214 perdidicissem)
938 4152 978 4199 15.
1050 4146 1072 4179 ¹⁸
1089 4148 1185 4197 honori
1202 4164 1295 4199 omnes.
1360 4144 1381 4178 ¹¹
1399 4146 1457 4196 hel·

162 4232 198 4282 lis
216 4235 285 4285 oriris.
299 4235 496 4283 2.3.5.8.11.15.
558 4233 633 4297 digri.
646 4234 718 4281 tueri
737 4234 863 4284 esan.
915 4231 1004 4282 ¹¹¹sed
1023 4237 1093 4281 ete.
1114 4234 1255 4281 cilenti.
1309 4236 1397 4282 emtus
1417 4233 1456 4280 10.

163 4314 265 4381 (altique
284 4318 309 4366 iii
327 4317 467 4367 huiusmodi
482 4317 564 4366 uerbis
583 4321 697 4380 ncylerta
715 4315 743 4381 p)
799 4314 819 4348 ²¹
840 4316 1045 4366 conciliante.
1097 4315 1120 4348 ¹⁸
1137 4317 1311 4365 inuexeiunt.
1330 4317 1456 4364 2.3.8.11.

163 4398 185 4431 ¹³
203 4405 224 4449 t.
239 4415 369 4450 coronam
388 4415 477 4449 ineam
496 4403 694 4452 cascinis.
746 4398 769 4431 ¹⁵
785 4400 994 4464 phroenetleum.
1008 4405 1030 4449 1.
1088 4398 1111 4431 ¹¹
1129 4415 1182 4449 nee
1200 4398 1365 4448 mundanum
1429 4402 1457 4446 te

164 4500 214 4534 non
231 4485 370 4535 tat.1.10.
389 4499 423 4532 iic
441 4484 600 4536 muud.3.8.
675 4484 1052 4550 ”proximehwddhlm
1116 4481 1458 4532 ¹¹Estsumma2.3.5.8.

166 4570 251 4617 11J5.
314 4566 550 4618 ”malitiaam
616 4568 736 4618 stultitia
754 4571 938 4619 5.8.10.!l.15.
1009 4561 1031 4598 ¹⁴
1050 4601 1057 4615 .
1077 4567 1131 4615 Dic
1152 4565 1357 4615 ubiverums.
1404 4565 1458 4614 Die

170 4652 786 4717 ubivirum'ap.2.3.8.lt.15.etiteOoricui.
822 4651 844 4683 ¹⁷
863 4652 973 4701 rideres
991 4653 1015 4699 1.
1051 4649 1074 4682 ¹¹
1091 4651 1243 4700 concltaris
1261 4650 1460 4699 2.3.5.8.11.15.

151 4736 340 4833 ,quod5.15.'
381 4736 482 4799 inpune
503 4740 528 4784 3.
1021 4742 1023 4747 ⁴

1172 4814 1239 4879 29*
