3276 5414
373 405 421 454 tta
493 419 631 454 ursnvavs
651 419 674 453 s.
693 419 776 455 avua.
813 418 963 452 oretenus.
983 401 1066 466 (tals.)

137 593 303 637 ursavuve.
341 574 378 635 tn
400 573 437 634 ab
460 576 584 653 Astyage
607 591 673 652 qua·
695 591 799 650 passus
822 579 867 633 est
888 571 1056 650 Harpagus!

139 697 268 738 onsrvs.
306 675 343 735 Et
364 674 419 736 sub
443 675 584 754 Cambyse
606 675 770 752 l’rexaspcs
792 683 825 734 ut
847 673 982 734 liabitnsl

139 798 303 839 arsamus.
342 777 437 836 l'orro
471 776 510 837 illi
544 777 745 837 Romanorum
779 777 973 854 imperatores
1005 795 1093 855 quam
1126 775 1233 835 misere
1266 773 1374 834 multos

76 879 265 940 babuerunt?

48 994 61 1031 ε’»
142 1001 268 1042 cuorus.
307 980 412 1041 Nostra
435 987 532 1041 antem
555 987 728 1059 tempestate
750 1000 816 1060 qum
837 998 869 1040 sc
893 997 950 1039 nou
974 980 1092 1056 indigna
1114 978 1277 1039 dederunt?
1300 987 1329 1039 et
1344 980 1372 1039 iu

76 1084 180 1143 Sucris
202 1081 273 1142 illud
296 1082 382 1160 quale
405 1080 590 1160 exemplum?
614 1082 740 1143 Proinde
763 1082 843 1140 omni
866 1082 941 1159 pede
956 1081 1106 1148 standum,
1130 1098 1167 1140 ne
1182 1081 1210 1140 iu
1228 1081 1284 1141 lroc
1299 1082 1443 1142 ntulit-⁵⁶.

76 1186 293 1261 navigationem
317 1186 506 1261 experiantur
528 1185 578 1262 qui
601 1185 664 1244 vice
688 1183 854 1243 consultum
880 1184 978 1243 volunt
1000 1201 1069 1241 suae.

142 1305 307 1347 ursnvuvs.
347 1285 431 1355 Orrod
454 1287 509 1345 nisi
532 1305 548 1344 a
571 1304 618 1344 me
640 1287 683 1345 sic
705 1304 785 1345 esses
808 1287 950 1352 reuolutus,
975 1303 1034 1363 quo
1056 1293 1084 1344 te
1108 1284 1339 1362 praecipitasses?

141 1408 268 1449 essars.
306 1385 339 1446 ln
362 1389 470 1448 mirtuu
492 1394 524 1447 ut
547 1387 629 1448 rideo
652 1389 817 1464 pistrinum.
863 1388 1050 1465 Quapropter
1077 1385 1132 1446 alia
1161 1387 1286 1446 ineunda
1310 1389 1375 1446 ritae

43 1490 154 1550 roratio
176 1497 229 1551 cst.

141 1611 305 1652 uisnrnvs.
344 1591 401 1659 lta,
425 1593 525 1658 Ceste„
549 1593 660 1669 cogita:
694 1608 762 1651 narn
793 1598 842 1650 aut
870 1608 942 1667 ager
970 1589 1091 1650 lioneste
1114 1591 1170 1651 roli
1193 1598 1301 1669 potest,
1325 1596 1376 1649 aut

77 1692 169 1753 litera·
192 1693 306 1761 doceri,
335 1700 386 1752 ant
408 1700 558 1771 utcunque
579 1693 716 1753 urariibus
738 1694 856 1770 operari
878 1691 960 1759 licet,
991 1699 1019 1751 ct
1048 1710 1111 1750 reni
1140 1692 1295 1751 militarem
1325 1711 1374 1750 ex-

76 1812 181 1854 ercerc
204 1787 258 1853 καὶ
281 1789 319 1855 ἐν
341 1784 456 1854 ἀσπίδι
477 1791 680 1871 ξενίζεσθαι,
711 1801 760 1854 aut
783 1795 959 1854 medicinam
983 1801 1125 1860 tractare,
1155 1801 1187 1853 ut
1209 1813 1243 1855 ex
1269 1803 1297 1855 te
1319 1795 1373 1855 tilii

77 1914 164 1955 viras.

45 2016 69 2054 rs
144 2016 271 2058 essars.
310 1997 400 2059 Recto
423 1998 537 2059 suades
576 1996 621 2056 'l'u
651 2016 720 2058 roro
748 1999 789 2057 sic
819 1998 929 2057 monito
957 2015 1005 2057 me
1033 1996 1102 2075 quid
1124 1997 1243 2057 tandem
1266 1999 1295 2056 iu
1318 1998 1442 2059 bactu

80 2100 261 2175 {mestitudine
284 2099 335 2159 titt
358 2103 500 2177 proponis
522 2101 579 2159 iam
603 2100 711 2159 senex?
734 2118 769 2158 arr
793 2100 873 2158 omni
895 2098 1032 2158 decorata
1056 2097 1130 2158 bore
1153 2100 1181 2158 iu
1205 2101 1295 2160 cauda
1312 2109 1375 2160 tan·

79 2200 146 2260 dem
170 2201 301 2271 delicies,
323 2221 380 2262 noc
402 2210 566 2263 extremum
591 2201 696 2262 tabulae
720 2210 814 2261 actrnu
840 2199 992 2278 implebis?

144 2323 309 2366 ursarum.
346 2303 390 2363 Ne
413 2303 469 2364 boc
492 2303 610 2382 quidem
634 2304 789 2382 degeneris
812 2303 900 2362 animi
930 2301 974 2361 rel
1001 2305 1031 2361 in
1061 2311 1193 2363 extremo
1221 2304 1373 2367 resistere:

80 2413 109 2465 et
131 2406 187 2464 iam
213 2406 289 2464 carie
312 2423 401 2483 super
425 2405 469 2464 bis
492 2404 659 2465 consultans
682 2406 813 2466 riorrdum
837 2405 952 2465 invenio
975 2412 1076 2463 utrm
1099 2405 1261 2482 expediam.

43 2527 72 2567 ao
147 2526 273 2568 cnsrvs.
314 2507 357 2566 llii
380 2513 409 2566 te
432 2524 467 2565 ex
490 2509 543 2567 ista
566 2506 720 2567 iactatione
743 2509 772 2567 iu
796 2515 912 2585 portum
936 2506 1061 2585 aliquem
1079 2509 1221 2575 releuant,
1245 2506 1374 2575 llisaule,

80 2628 115 2669 ac
137 2617 169 2669 nt
191 2608 355 2669 libertatem
378 2609 503 2685 recipias
525 2609 630 2677 laxiut,
660 2617 710 2668 ant
732 2609 857 2688 aliquam
887 2608 937 2668 tibi
967 2609 1146 2668 fructuosam
1170 2610 1373 2686 cogitationem

81 2710 183 2770 uniant
205 2728 261 2788 qua
286 2718 313 2769 te
336 2710 373 2770 ab
397 2711 442 2770 his
464 2711 577 2771 retibus
599 2711 735 2788 explices
781 2711 838 2770 Sed
863 2728 1042 2788 prosequere
1064 2728 1117 2768 oro
1140 2710 1176 2770 ‹lc
1199 2711 1255 2769 rita
1270 2710 1443 2778 auliea‚t.ss.

81 2811 200 2890 quando
223 2811 319 2871 atllmc
341 2820 409 2872 ante
432 2813 535 2874 horam
559 2831 661 2873 sunms
684 2832 750 2891 qum
772 2821 800 2872 te
823 2813 858 2871 ad
881 2811 952 2872 illud
975 2814 1122 2871 servitutis
1149 2812 1278 2871 hostiurn
1308 2830 1375 2871 aro·

81 2914 174 2982 cabil,
209 2921 238 2973 et
266 2913 344 2991 qritnl
373 2922 485 2975 restare
515 2916 642 2983 ridetur,
677 2934 742 2993 quae
772 2923 799 2974 te
822 2933 917 2974 causae
940 2915 969 2973 iu
992 2915 1068 2973 liano
1091 2915 1303 2991 elongationem
1326 2914 1377 2973 ad·

44 3016 236 3083 recluserint,
259 3021 308 3073 aut
331 3015 367 3074 de
391 3016 551 3094 Spreuibus
573 3026 606 3078 ut
628 3018 797 3085 meministi,
821 3015 929 3093 aliquid
952 3017 1039 3075 refer.

145 3136 311 3177 ursarius.
349 3119 422 3177 dudi
452 3119 540 3195 igitur
568 3120 715 3179 servitutis
738 3118 829 3178 liuius
856 3136 972 3186 causas,
1008 3136 1074 3177 narn
1104 3118 1232 3178 linctum
1260 3117 1376 3178 abunde

81 3220 187 3296 opinor
210 3218 384 3279 intellexisti.
428 3219 560 3280 Priuunn
584 3239 633 3290 ea,
663 3220 761 3288 Casto,
791 3239 856 3298 (pirae
878 3227 910 3279 tu
932 3238 1050 3297 cleroque
1073 3218 1161 3297 paulo
1183 3228 1250 3279 ante
1272 3232 1446 3296 susque-§.m

90 3373 284 3381 —--—-——.

151 3455 158 3488 ¹
184 3458 226 3506 De
239 3456 372 3522 Harpugo
391 3461 419 3507 et
435 3458 572 3523 Astyage,
592 3457 625 3507 de
641 3459 780 3522 Preraspe
800 3464 829 3507 et
841 3456 977 3521 Cambysu
995 3459 1174 3523 tyrannisque
1187 3457 1318 3508 Ronmnis
1340 3456 1376 3507 ct'.

82 3557 166 3606 supra
179 3542 342 3592 Phaloriam.
356 3542 429 3604 §.aa
448 3544 512 3604 (His
530 3558 637 3607 quoque
655 3542 862 3593 narrationibus
885 3557 950 3593 usus
974 3544 1101 3592 estnon.
1120 3543 1208 3607 Sylv.)
1277 3541 1288 3573 ⁸
1306 3543 1378 3591 Rbo-

82 3631 297 3677 maneremus
356 3628 550 3692 imperatorum
565 3632 608 3678 1³.
679 3626 762 3679 lnon
780 3630 866 3678 rrrlaer.
881 3629 916 3677 H.
987 3626 1016 3658 Μ
1034 3629 1064 3677 in
1082 3626 1192 3692 Sueris]
1210 3629 1272 3677 Nou
1289 3628 1378 3692 potuit

84 3713 149 3776 quin
174 3711 269 3760 l'lrico
294 3710 357 3761 duci
385 3713 435 3762 boe
465 3728 571 3777 quoque
599 3713 660 3763 loeo
690 3715 769 3777 quasi
799 3712 909 3778 alapam
939 3713 1107 3778 inpingeret.
1145 3713 1187 3762 ct.
1212 3711 1376 3762 l'lrnlarism.

84 3794 105 3826 ¹³
123 3786 187 3845 Ἀλλ’
198 3784 291 3858 ὥσπερ
304 3785 378 3861 ἥρως
391 3788 422 3847 ἓν
435 3786 536 3847 dunler
556 3794 665 3867 ξειςίσαι
683 3812 714 3847 σε
733 3789 881 3862 βούλομαι.
903 3798 996 3847 Zenob.
1011 3798 1032 3846 1.
1046 3796 1088 3847 or.
1107 3796 1181 3854 „Sed
1198 3800 1229 3844 ut
1245 3796 1331 3845 beroa
1351 3796 1377 3844 iu

83 3886 162 3930 scuto
175 3885 202 3929 te
216 3880 394 3945 hospitaliter
406 3883 498 3946 excipi
511 3881 601 3932 volo’'.
644 3881 664 3914 ¹⁶
683 3882 816 3932 desorata
829 3883 898 3932 bove
911 3898 1003 3932 carnes.
1024 3882 1121 3931 Graece
1136 3872 1237 3930 Πάντα
1249 3896 1380 3944 nutuqu-

84 3958 143 4030 poir
159 3959 209 4015 cdv
226 3963 297 4029 βοῦν
310 3959 352 4022 εἰς
368 3959 421 4030 τὴν
434 3955 525 4029 οὐρὰν
542 3957 699 4030 ἀπέκαμεν.
721 3967 759 4030 (h.
775 3984 797 4017 e.
812 3968 918 4032 reliquo
936 3968 1054 4032 negocio
1067 3971 1181 4032 peracto
1195 3968 1223 4015 in
1235 3967 1289 4017 fine
1302 3967 1379 4015 defo·

84 4049 266 4114 cit)iipoatol.
275 4049 459 4101 xtttutettt.
478 4053 646 4102 DeHercnle
657 4053 780 4118 integros
791 4053 848 4102 iere
862 4053 946 4102 bores
961 4051 1112 4101 comedisse
1120 4052 1268 4101 Pindarum
1280 4058 1379 4102 testem
1423 4080 1428 4084 -

85 4136 194 4185 iaciunt
210 4139 335 4196 veteres,
359 4136 394 4185 de
416 4136 520 4187 Milone
539 4138 704 4187 crotonensi
728 4152 772 4187 res
795 4142 862 4187 nota
885 4142 928 4186 eet
951 4134 1000 4200 (ci.
1014 4136 1113 4189 Athen.
1132 4138 1265 4201 Deipnos.
1277 4138 1310 4187 X.
1324 4137 1378 4201 2.);

84 4225 175 4269 nutam
197 4235 263 4269 rere
287 4219 322 4269 ab
345 4219 389 4270 his
413 4221 494 4272 boum
517 4223 726 4272 devoratoribus
749 4222 922 4286 proverbium
947 4227 1070 4271 exortum
1094 4222 1130 4270 sit
1155 4238 1206 4271 noe
1230 4237 1279 4284 ne,
1306 4238 1379 4273 ntrue

85 4320 141 4354 non
158 4305 276 4368 inquiro.
330 4304 350 4336 ¹⁹
369 4341 375 4355 .
395 4306 432 4354 Et
451 4307 486 4355 II.
539 4304 561 4337 ²²
579 4307 704 4356 rhetibus
723 4311 847 4356 t..3.4.5.
877 4306 1001 4372 rhqtibus
1019 4310 1044 4355 2.
1097 4306 1118 4338 ²³
1137 4303 1181 4371 de]
1200 4313 1229 4356 te
1248 4311 1290 4358 1³.
1331 4308 1378 4357 ho-

85 4391 168 4439 stium
186 4405 280 4438 orienes.
299 4406 379 4454 neque
397 4392 499 4440 ostium
513 4393 577 4453 feci.
597 4395 709 4456 qrrumor'r
725 4394 772 4442 boc
790 4409 877 4442 nemea
895 4409 948 4441 crem
967 4393 1143 4455 adspiratione
1160 4398 1231 4441 recte
1246 4391 1326 4441 scribi
1337 4395 1381 4441 dre·

85 4474 170 4524 bitem.
236 4475 259 4533 ἕ.
273 4471 327 4539 59.]
346 4477 389 4525 De
407 4477 525 4525 Hutteni
544 4476 578 4525 ad
597 4476 688 4525 aulam
708 4492 824 4527 accessu
846 4478 1014 4539 introituque
1038 4477 1184 4541 Menapios
1208 4492 1224 4524 o
1244 4476 1381 4527 Gulielmo

86 4558 218 4608 lusulouo
237 4559 265 4607 in
283 4559 354 4608 Aulo
372 4560 484 4625 dialogo
503 4562 543 4609 ita
563 4576 622 4610 cum
643 4563 702 4626 ipso
715 4544 846 4611 Hutteno'
858 4560 1009 4610 collocutus
1027 4561 1153 4625 lingitur:
1173 4561 1380 4623 „Honorilicum

86 4643 155 4693 illud
172 4644 224 4691 tibi
243 4644 271 4692 in
290 4644 397 4708 primm,
416 4652 564 4710 propterea
583 4647 654 4710 quod
671 4662 725 4696 nou
742 4647 920 4711 largitionum
940 4647 1091 4696 ambitione
1110 4646 1154 4696 rel
1172 4661 1284 4712 precam
1296 4646 1382 4695 uude·

87 4744 194 4794 cunque
214 4729 432 4779 mendicatarum
451 4730 628 4795 improbitate
653 4732 688 4781 ad
712 4731 805 4782 aulam
827 4738 1039 4796 penetraveras,
1064 4732 1138 4781 sicut
1161 4731 1297 4781 interdurn
1320 4729 1382 4781 fieri
