<?xml version="1.0" encoding="UTF-8"?>
<!DOCTYPE html PUBLIC "-//W3C//DTD XHTML 1.0 Transitional//EN"
    "http://www.w3.org/TR/xhtml1/DTD/xhtml1-transitional.dtd">
<html xmlns="http://www.w3.org/1999/xhtml" xml:lang="en" lang="en">
 <head>
  <title>
</title>
<meta http-equiv="Content-Type" content="text/html;charset=utf-8" />
  <meta name='ocr-system' content='tesseract 3.04.00' />
  <meta name='ocr-capabilities' content='ocr_page ocr_carea ocr_par ocr_line ocrx_word'/>
</head>
<body>
  <div class='ocr_page' id='page_1' title='image "./ulrichihuttenie10huttgoog_0504.png"; bbox 0 0 3276 5414; ppageno 0'>
   <div class='ocr_carea' id='block_1_1' title="bbox 367 1111 1252 1192">
    <p class='ocr_par' dir='ltr' id='par_1_1' title="bbox 367 1111 1252 1192">
     <span class='ocr_line' id='line_1_1' title="bbox 367 1111 1252 1192; baseline 0.002 -4"><span class='ocrx_word' id='word_1_1' title='bbox 367 1111 562 1189; x_wconf 85' lang='lat' dir='ltr'>ORATIO</span> <span class='ocrx_word' id='word_1_2' title='bbox 591 1116 661 1188; x_wconf 85' lang='lat' dir='ltr'>AD</span> <span class='ocrx_word' id='word_1_3' title='bbox 690 1113 958 1192; x_wconf 80' lang='lat' dir='ltr'>CHRISTVM</span> <span class='ocrx_word' id='word_1_4' title='bbox 988 1115 1101 1192; x_wconf 87' lang='lat' dir='ltr'><strong>OPT.</strong></span> <span class='ocrx_word' id='word_1_5' title='bbox 1128 1117 1252 1192; x_wconf 85' lang='lat' dir='ltr'>MAX.</span> 
     </span>
    </p>
   </div>
   <div class='ocr_carea' id='block_1_2' title="bbox 213 1251 1352 1432">
    <p class='ocr_par' dir='ltr' id='par_1_2' title="bbox 213 1251 1352 1432">
     <span class='ocr_line' id='line_1_2' title="bbox 307 1251 1307 1315; baseline 0.004 -4"><span class='ocrx_word' id='word_1_6' title='bbox 307 1251 395 1312; x_wconf 74' lang='lat' dir='ltr'>enti</span> <span class='ocrx_word' id='word_1_7' title='bbox 432 1251 557 1312; x_wconf 85' lang='lat' dir='ltr'>le10</span> <span class='ocrx_word' id='word_1_8' title='bbox 594 1253 799 1314; x_wconf 81' lang='lat' dir='ltr'>SECVth)</span> <span class='ocrx_word' id='word_1_9' title='bbox 835 1252 1003 1314; x_wconf 78' lang='lat' dir='ltr'>LIGVRE</span> <span class='ocrx_word' id='word_1_10' title='bbox 1040 1254 1168 1315; x_wconf 82' lang='lat' dir='ltr'><strong>PONT.</strong></span> <span class='ocrx_word' id='word_1_11' title='bbox 1206 1254 1307 1315; x_wconf 81' lang='lat' dir='ltr'>be.</span> 
     </span>
     <span class='ocr_line' id='line_1_3' title="bbox 213 1364 1352 1432; baseline 0.004 -14"><span class='ocrx_word' id='word_1_12' title='bbox 213 1364 217 1371; x_wconf 78' lang='lat'>‘</span> <span class='ocrx_word' id='word_1_13' title='bbox 263 1370 286 1419; x_wconf 80' lang='lat' dir='ltr'>a</span> <span class='ocrx_word' id='word_1_14' title='bbox 317 1370 471 1432; x_wconf 78' lang='lat' dir='ltr'><strong>QVODAM</strong></span> <span class='ocrx_word' id='word_1_15' title='bbox 499 1372 596 1421; x_wconf 82' lang='lat' dir='ltr'>nsua</span> <span class='ocrx_word' id='word_1_16' title='bbox 626 1370 751 1421; x_wconf 82' lang='lat' dir='ltr'>necao</span> <span class='ocrx_word' id='word_1_17' title='bbox 782 1373 829 1423; x_wconf 83' lang='lat' dir='ltr'>ar</span> <span class='ocrx_word' id='word_1_18' title='bbox 865 1372 1086 1423; x_wconf 77' lang='lat' dir='ltr'>crsuis‘rmno</span> <span class='ocrx_word' id='word_1_19' title='bbox 1115 1372 1352 1424; x_wconf 68' lang='lat' dir='ltr'>Passennus.</span> 
     </span>
    </p>
   </div>
   <div class='ocr_carea' id='block_1_3' title="bbox 125 1541 1560 4503">
    <p class='ocr_par' dir='ltr' id='par_1_3' title="bbox 125 1541 1560 4503">
     <span class='ocr_line' id='line_1_4' title="bbox 247 1541 1512 1621; baseline 0.002 -25"><span class='ocrx_word' id='word_1_20' title='bbox 247 1541 357 1598; x_wconf 88' lang='lat' dir='ltr'>bomine</span> <span class='ocrx_word' id='word_1_21' title='bbox 380 1543 440 1600; x_wconf 86' lang='lat' dir='ltr'>lesu</span> <span class='ocrx_word' id='word_1_22' title='bbox 462 1544 582 1607; x_wconf 83' lang='lat' dir='ltr'>Christe,</span> <span class='ocrx_word' id='word_1_23' title='bbox 617 1544 663 1621; x_wconf 90' lang='lat' dir='ltr'>qui</span> <span class='ocrx_word' id='word_1_24' title='bbox 691 1563 753 1601; x_wconf 89' lang='lat' dir='ltr'>vere</span> <span class='ocrx_word' id='word_1_25' title='bbox 779 1564 899 1602; x_wconf 89' lang='lat' dir='ltr'>summus</span> <span class='ocrx_word' id='word_1_26' title='bbox 924 1565 953 1602; x_wconf 91' lang='lat' dir='ltr'>es</span> <span class='ocrx_word' id='word_1_27' title='bbox 974 1547 1097 1620; x_wconf 73' lang='lat' dir='ltr'><strong>pontifex</strong></span> <span class='ocrx_word' id='word_1_28' title='bbox 1131 1556 1158 1603; x_wconf 95' lang='lat' dir='ltr'>et</span> <span class='ocrx_word' id='word_1_29' title='bbox 1179 1546 1288 1603; x_wconf 88' lang='lat' dir='ltr'>unicum</span> <span class='ocrx_word' id='word_1_30' title='bbox 1314 1564 1345 1603; x_wconf 89' lang='lat' dir='ltr'>ac</span> <span class='ocrx_word' id='word_1_31' title='bbox 1368 1563 1450 1603; x_wconf 89' lang='lat' dir='ltr'>unum</span> <span class='ocrx_word' id='word_1_32' title='bbox 1466 1550 1512 1600; x_wconf 75' lang='lat' dir='ltr'>bt.</span> 
     </span>
     <span class='ocr_line' id='line_1_5' title="bbox 141 1626 1454 1705; baseline 0.002 -21"><span class='ocrx_word' id='word_1_33' title='bbox 141 1626 283 1684; x_wconf 73' lang='lat' dir='ltr'>eecclesiae</span> <span class='ocrx_word' id='word_1_34' title='bbox 311 1636 364 1684; x_wconf 74' lang='lat' dir='ltr'>tuae</span> <span class='ocrx_word' id='word_1_35' title='bbox 386 1637 481 1703; x_wconf 88' lang='lat' dir='ltr'>eaput,</span> <span class='ocrx_word' id='word_1_36' title='bbox 511 1647 590 1702; x_wconf 87' lang='lat' dir='ltr'>qnam</span> <span class='ocrx_word' id='word_1_37' title='bbox 612 1630 716 1704; x_wconf 89' lang='lat' dir='ltr'>primus</span> <span class='ocrx_word' id='word_1_38' title='bbox 736 1630 794 1703; x_wconf 90' lang='lat' dir='ltr'>ipse</span> <span class='ocrx_word' id='word_1_39' title='bbox 817 1641 990 1688; x_wconf 88' lang='lat' dir='ltr'>sacrosancta</span> <span class='ocrx_word' id='word_1_40' title='bbox 1007 1641 1095 1688; x_wconf 88' lang='lat' dir='ltr'>morte</span> <span class='ocrx_word' id='word_1_41' title='bbox 1120 1642 1164 1688; x_wconf 85' lang='lat' dir='ltr'>tua</span> <span class='ocrx_word' id='word_1_42' title='bbox 1187 1633 1239 1688; x_wconf 88' lang='lat' dir='ltr'>deo</span> <span class='ocrx_word' id='word_1_43' title='bbox 1263 1631 1335 1705; x_wconf 87' lang='lat' dir='ltr'>patri</span> <span class='ocrx_word' id='word_1_44' title='bbox 1358 1648 1454 1687; x_wconf 90' lang='lat' dir='ltr'>recon-</span> 
     </span>
     <span class='ocr_line' id='line_1_6' title="bbox 161 1713 1453 1791; baseline 0.002 -23"><span class='ocrx_word' id='word_1_45' title='bbox 161 1713 273 1775; x_wconf 87' lang='lat' dir='ltr'>cibasti,</span> <span class='ocrx_word' id='word_1_46' title='bbox 301 1713 489 1786; x_wconf 87' lang='lat' dir='ltr'>apostolorum</span> <span class='ocrx_word' id='word_1_47' title='bbox 508 1715 640 1787; x_wconf 79' lang='lat' dir='ltr'>sauguine</span> <span class='ocrx_word' id='word_1_48' title='bbox 658 1714 793 1776; x_wconf 78' lang='lat' dir='ltr'>dilatasti,</span> <span class='ocrx_word' id='word_1_49' title='bbox 816 1725 967 1790; x_wconf 77' lang='lat' dir='ltr'>martyrum</span> <span class='ocrx_word' id='word_1_50' title='bbox 988 1716 1129 1791; x_wconf 82' lang='lat' dir='ltr'>suppliciis</span> <span class='ocrx_word' id='word_1_51' title='bbox 1151 1714 1346 1777; x_wconf 85' lang='lat' dir='ltr'>constabilisli,</span> <span class='ocrx_word' id='word_1_52' title='bbox 1371 1716 1453 1789; x_wconf 82' lang='lat' dir='ltr'>virgi·</span> 
     </span>
     <span class='ocr_line' id='line_1_7' title="bbox 162 1798 1454 1876; baseline 0.004 -24"><span class='ocrx_word' id='word_1_53' title='bbox 162 1815 225 1853; x_wconf 91' lang='lat' dir='ltr'>num</span> <span class='ocrx_word' id='word_1_54' title='bbox 245 1798 378 1872; x_wconf 84' lang='lat' dir='ltr'>puritate,</span> <span class='ocrx_word' id='word_1_55' title='bbox 404 1799 593 1856; x_wconf 76' lang='lat' dir='ltr'>comessorum</span> <span class='ocrx_word' id='word_1_56' title='bbox 611 1800 714 1873; x_wconf 87' lang='lat' dir='ltr'>pietate</span> <span class='ocrx_word' id='word_1_57' title='bbox 737 1801 841 1857; x_wconf 86' lang='lat' dir='ltr'>ornasti</span> <span class='ocrx_word' id='word_1_58' title='bbox 863 1800 1092 1876; x_wconf 89' lang='lat' dir='ltr'>locupletastique</span> <span class='ocrx_word' id='word_1_59' title='bbox 1116 1800 1189 1873; x_wconf 82' lang='lat' dir='ltr'>(nam</span> <span class='ocrx_word' id='word_1_60' title='bbox 1211 1800 1364 1857; x_wconf 89' lang='lat' dir='ltr'>huiusmodi</span> <span class='ocrx_word' id='word_1_61' title='bbox 1382 1818 1454 1873; x_wconf 83' lang='lat' dir='ltr'>prae·</span> 
     </span>
     <span class='ocr_line' id='line_1_8' title="bbox 162 1882 1453 1959; baseline 0.002 -22"><span class='ocrx_word' id='word_1_62' title='bbox 162 1882 238 1937; x_wconf 89' lang='lat' dir='ltr'>sidiis</span> <span class='ocrx_word' id='word_1_63' title='bbox 257 1900 370 1955; x_wconf 78' lang='lat' dir='ltr'>regnum</span> <span class='ocrx_word' id='word_1_64' title='bbox 391 1893 480 1946; x_wconf 91' lang='lat' dir='ltr'>tuum,</span> <span class='ocrx_word' id='word_1_65' title='bbox 500 1884 595 1958; x_wconf 86' lang='lat' dir='ltr'>utique</span> <span class='ocrx_word' id='word_1_66' title='bbox 617 1883 754 1958; x_wconf 81' lang='lat' dir='ltr'>spiritale,</span> <span class='ocrx_word' id='word_1_67' title='bbox 774 1885 907 1958; x_wconf 90' lang='lat' dir='ltr'>constat),</span> <span class='ocrx_word' id='word_1_68' title='bbox 935 1887 968 1943; x_wconf 89' lang='lat' dir='ltr'>da</span> <span class='ocrx_word' id='word_1_69' title='bbox 993 1904 1148 1959; x_wconf 82' lang='lat' dir='ltr'>quaesumus</span> <span class='ocrx_word' id='word_1_70' title='bbox 1170 1885 1238 1942; x_wconf 92' lang='lat' dir='ltr'>lulio</span> <span class='ocrx_word' id='word_1_71' title='bbox 1259 1885 1393 1947; x_wconf 91' lang='lat' dir='ltr'>seeundo,</span> <span class='ocrx_word' id='word_1_72' title='bbox 1422 1893 1453 1941; x_wconf 88' lang='lat' dir='ltr'>ut</span> 
     </span>
     <span class='ocr_line' id='line_1_9' title="bbox 163 1960 1450 2045; baseline 0.005 -25"><span class='ocrx_word' id='word_1_73' title='bbox 163 1960 235 2040; x_wconf 82' lang='lat' dir='ltr'>quod</span> <span class='ocrx_word' id='word_1_74' title='bbox 255 1968 362 2024; x_wconf 81' lang='lat' dir='ltr'>assidue</span> <span class='ocrx_word' id='word_1_75' title='bbox 385 1969 485 2041; x_wconf 80' lang='lat' dir='ltr'>gaudet</span> <span class='ocrx_word' id='word_1_76' title='bbox 507 1969 615 2031; x_wconf 88' lang='lat' dir='ltr'>audire,</span> <span class='ocrx_word' id='word_1_77' title='bbox 646 1969 673 2025; x_wconf 89' lang='lat' dir='ltr'>id</span> <span class='ocrx_word' id='word_1_78' title='bbox 699 1988 729 2026; x_wconf 91' lang='lat' dir='ltr'>re</span> <span class='ocrx_word' id='word_1_79' title='bbox 752 1988 862 2044; x_wconf 87' lang='lat' dir='ltr'>quoquc</span> <span class='ocrx_word' id='word_1_80' title='bbox 888 1971 945 2045; x_wconf 91' lang='lat' dir='ltr'>ipsa</span> <span class='ocrx_word' id='word_1_81' title='bbox 965 1972 1073 2026; x_wconf 75' lang='lat' dir='ltr'>studeat</span> <span class='ocrx_word' id='word_1_82' title='bbox 1096 1989 1171 2032; x_wconf 88' lang='lat' dir='ltr'>esse,</span> <span class='ocrx_word' id='word_1_83' title='bbox 1201 1971 1252 2026; x_wconf 89' lang='lat' dir='ltr'>boc</span> <span class='ocrx_word' id='word_1_84' title='bbox 1274 1977 1316 2025; x_wconf 91' lang='lat' dir='ltr'>est</span> <span class='ocrx_word' id='word_1_85' title='bbox 1336 1970 1450 2026; x_wconf 88' lang='lat' dir='ltr'>sanctis·</span> 
     </span>
     <span class='ocr_line' id='line_1_10' title="bbox 131 2052 1510 2130; baseline 0.001 -25"><span class='ocrx_word' id='word_1_86' title='bbox 131 2052 261 2115; x_wconf 85' lang='lat' dir='ltr'>tosiiuus,</span> <span class='ocrx_word' id='word_1_87' title='bbox 285 2071 339 2108; x_wconf 90' lang='lat' dir='ltr'>non</span> <span class='ocrx_word' id='word_1_88' title='bbox 361 2053 609 2127; x_wconf 87' lang='lat' dir='ltr'>inquinatissimus;</span> <span class='ocrx_word' id='word_1_89' title='bbox 638 2063 730 2127; x_wconf 89' lang='lat' dir='ltr'>pater,</span> <span class='ocrx_word' id='word_1_90' title='bbox 759 2073 815 2111; x_wconf 91' lang='lat' dir='ltr'>non</span> <span class='ocrx_word' id='word_1_91' title='bbox 843 2065 989 2130; x_wconf 83' lang='lat' dir='ltr'>tyrannus;</span> <span class='ocrx_word' id='word_1_92' title='bbox 1022 2072 1132 2117; x_wconf 83' lang='lat' dir='ltr'>servus,</span> <span class='ocrx_word' id='word_1_93' title='bbox 1155 2072 1209 2110; x_wconf 87' lang='lat' dir='ltr'>non</span> <span class='ocrx_word' id='word_1_94' title='bbox 1233 2054 1366 2110; x_wconf 90' lang='lat' dir='ltr'>dominns.</span> <span class='ocrx_word' id='word_1_95' title='bbox 1411 2053 1510 2111; x_wconf 67' lang='lat' dir='ltr'>tots.</span> 
     </span>
     <span class='ocr_line' id='line_1_11' title="bbox 162 2137 1452 2214; baseline 0.002 -21"><span class='ocrx_word' id='word_1_96' title='bbox 162 2138 208 2210; x_wconf 82' lang='lat' dir='ltr'>qui</span> <span class='ocrx_word' id='word_1_97' title='bbox 230 2137 305 2192; x_wconf 87' lang='lat' dir='ltr'>solus</span> <span class='ocrx_word' id='word_1_98' title='bbox 326 2156 355 2194; x_wconf 92' lang='lat' dir='ltr'>es</span> <span class='ocrx_word' id='word_1_99' title='bbox 379 2137 498 2205; x_wconf 86' lang='lat' dir='ltr'>medicu&#39;s</span> <span class='ocrx_word' id='word_1_100' title='bbox 524 2138 684 2195; x_wconf 89' lang='lat' dir='ltr'>immortalis</span> <span class='ocrx_word' id='word_1_101' title='bbox 706 2149 733 2195; x_wconf 94' lang='lat' dir='ltr'>et</span> <span class='ocrx_word' id='word_1_102' title='bbox 751 2141 857 2203; x_wconf 82' lang='lat' dir='ltr'>ellicus,</span> <span class='ocrx_word' id='word_1_103' title='bbox 883 2159 971 2214; x_wconf 77' lang='lat' dir='ltr'>purga</span> <span class='ocrx_word' id='word_1_104' title='bbox 991 2141 1131 2196; x_wconf 87' lang='lat' dir='ltr'>cerebrum</span> <span class='ocrx_word' id='word_1_105' title='bbox 1157 2138 1228 2194; x_wconf 88' lang='lat' dir='ltr'>illins</span> <span class='ocrx_word' id='word_1_106' title='bbox 1250 2149 1277 2195; x_wconf 86' lang='lat' dir='ltr'>et</span> <span class='ocrx_word' id='word_1_107' title='bbox 1299 2138 1381 2194; x_wconf 86' lang='lat' dir='ltr'>animi</span> <span class='ocrx_word' id='word_1_108' title='bbox 1404 2139 1452 2195; x_wconf 91' lang='lat' dir='ltr'>do·</span> 
     </span>
     <span class='ocr_line' id='line_1_12' title="bbox 161 2223 1452 2298; baseline 0.002 -22"><span class='ocrx_word' id='word_1_109' title='bbox 161 2223 304 2284; x_wconf 83' lang='lat' dir='ltr'>iuicilium.</span> <span class='ocrx_word' id='word_1_110' title='bbox 328 2223 355 2278; x_wconf 92' lang='lat' dir='ltr'>in</span> <span class='ocrx_word' id='word_1_111' title='bbox 375 2241 428 2296; x_wconf 80' lang='lat' dir='ltr'>quo</span> <span class='ocrx_word' id='word_1_112' title='bbox 448 2231 495 2281; x_wconf 91' lang='lat' dir='ltr'>tuo</span> <span class='ocrx_word' id='word_1_113' title='bbox 513 2226 616 2280; x_wconf 91' lang='lat' dir='ltr'>numini</span> <span class='ocrx_word' id='word_1_114' title='bbox 639 2225 729 2280; x_wconf 90' lang='lat' dir='ltr'>sedem</span> <span class='ocrx_word' id='word_1_115' title='bbox 749 2242 809 2280; x_wconf 87' lang='lat' dir='ltr'>osse</span> <span class='ocrx_word' id='word_1_116' title='bbox 827 2225 987 2298; x_wconf 72' lang='lat' dir='ltr'>oportebat,</span> <span class='ocrx_word' id='word_1_117' title='bbox 1011 2225 1084 2281; x_wconf 91' lang='lat' dir='ltr'>omni</span> <span class='ocrx_word' id='word_1_118' title='bbox 1102 2224 1203 2287; x_wconf 71' lang='lat' dir='ltr'>munim</span> <span class='ocrx_word' id='word_1_119' title='bbox 1222 2241 1309 2297; x_wconf 80' lang='lat' dir='ltr'>purga</span> <span class='ocrx_word' id='word_1_120' title='bbox 1328 2240 1376 2278; x_wconf 87' lang='lat' dir='ltr'>cor</span> <span class='ocrx_word' id='word_1_121' title='bbox 1393 2223 1452 2279; x_wconf 88' lang='lat' dir='ltr'>eius</span> 
     </span>
     <span class='ocr_line' id='line_1_13' title="bbox 162 2307 1451 2383; baseline 0.003 -22"><span class='ocrx_word' id='word_1_122' title='bbox 162 2307 288 2362; x_wconf 81' lang='lat' dir='ltr'>orimibus</span> <span class='ocrx_word' id='word_1_123' title='bbox 312 2308 482 2382; x_wconf 87' lang='lat' dir='ltr'>intemperiis</span> <span class='ocrx_word' id='word_1_124' title='bbox 511 2317 539 2364; x_wconf 90' lang='lat' dir='ltr'>et</span> <span class='ocrx_word' id='word_1_125' title='bbox 561 2308 734 2367; x_wconf 84' lang='lat' dir='ltr'>illusionibus</span> <span class='ocrx_word' id='word_1_126' title='bbox 760 2310 928 2383; x_wconf 84' lang='lat' dir='ltr'>spurcissimi</span> <span class='ocrx_word' id='word_1_127' title='bbox 952 2310 1098 2372; x_wconf 80' lang='lat' dir='ltr'>doemonis,</span> <span class='ocrx_word' id='word_1_128' title='bbox 1132 2309 1179 2383; x_wconf 82' lang='lat' dir='ltr'>qui</span> <span class='ocrx_word' id='word_1_129' title='bbox 1204 2307 1278 2365; x_wconf 86' lang='lat' dir='ltr'>mille</span> <span class='ocrx_word' id='word_1_130' title='bbox 1303 2307 1374 2363; x_wconf 87' lang='lat' dir='ltr'>dolis</span> <span class='ocrx_word' id='word_1_131' title='bbox 1396 2325 1451 2376; x_wconf 86' lang='lat' dir='ltr'>non</span> 
     </span>
     <span class='ocr_line' id='line_1_14' title="bbox 161 2392 1450 2469; baseline 0.001 -23"><span class='ocrx_word' id='word_1_132' title='bbox 161 2392 260 2447; x_wconf 86' lang='lat' dir='ltr'>desinit</span> <span class='ocrx_word' id='word_1_133' title='bbox 283 2392 394 2448; x_wconf 89' lang='lat' dir='ltr'>insidias</span> <span class='ocrx_word' id='word_1_134' title='bbox 416 2400 522 2449; x_wconf 88' lang='lat' dir='ltr'>struere</span> <span class='ocrx_word' id='word_1_135' title='bbox 542 2402 589 2449; x_wconf 87' lang='lat' dir='ltr'>tuo</span> <span class='ocrx_word' id='word_1_136' title='bbox 608 2392 701 2467; x_wconf 79' lang='lat' dir='ltr'>gregi,</span> <span class='ocrx_word' id='word_1_137' title='bbox 727 2402 757 2450; x_wconf 92' lang='lat' dir='ltr'>ut</span> <span class='ocrx_word' id='word_1_138' title='bbox 781 2403 828 2450; x_wconf 93' lang='lat' dir='ltr'>tuo</span> <span class='ocrx_word' id='word_1_139' title='bbox 850 2395 902 2450; x_wconf 89' lang='lat' dir='ltr'>iam</span> <span class='ocrx_word' id='word_1_140' title='bbox 924 2395 1022 2469; x_wconf 88' lang='lat' dir='ltr'>spiritu</span> <span class='ocrx_word' id='word_1_141' title='bbox 1044 2395 1142 2451; x_wconf 77' lang='lat' dir='ltr'>eluctus</span> <span class='ocrx_word' id='word_1_142' title='bbox 1163 2401 1245 2467; x_wconf 78' lang='lat' dir='ltr'>atque</span> <span class='ocrx_word' id='word_1_143' title='bbox 1258 2392 1399 2463; x_wconf 88' lang='lat' dir='ltr'>animatus</span> <span class='ocrx_word' id='word_1_144' title='bbox 1419 2408 1450 2448; x_wconf 90' lang='lat' dir='ltr'>ea</span> 
     </span>
     <span class='ocr_line' id='line_1_15' title="bbox 130 2477 1450 2554; baseline 0.003 -25"><span class='ocrx_word' id='word_1_145' title='bbox 130 2477 263 2550; x_wconf 82' lang='lat' dir='ltr'>issapiat,</span> <span class='ocrx_word' id='word_1_146' title='bbox 284 2494 315 2532; x_wconf 88' lang='lat' dir='ltr'>ea</span> <span class='ocrx_word' id='word_1_147' title='bbox 333 2477 445 2551; x_wconf 79' lang='lat' dir='ltr'>diligat,</span> <span class='ocrx_word' id='word_1_148' title='bbox 469 2496 500 2534; x_wconf 89' lang='lat' dir='ltr'>ca</span> <span class='ocrx_word' id='word_1_149' title='bbox 520 2478 661 2541; x_wconf 88' lang='lat' dir='ltr'>moliatur,</span> <span class='ocrx_word' id='word_1_150' title='bbox 685 2497 716 2534; x_wconf 86' lang='lat' dir='ltr'>ea</span> <span class='ocrx_word' id='word_1_151' title='bbox 738 2487 871 2542; x_wconf 76' lang='lat' dir='ltr'>sectetur,</span> <span class='ocrx_word' id='word_1_152' title='bbox 894 2497 948 2535; x_wconf 91' lang='lat' dir='ltr'>non</span> <span class='ocrx_word' id='word_1_153' title='bbox 969 2498 1030 2554; x_wconf 82' lang='lat' dir='ltr'>quae</span> <span class='ocrx_word' id='word_1_154' title='bbox 1052 2487 1116 2535; x_wconf 90' lang='lat' dir='ltr'>sunt</span> <span class='ocrx_word' id='word_1_155' title='bbox 1138 2479 1217 2534; x_wconf 87' lang='lat' dir='ltr'>buius</span> <span class='ocrx_word' id='word_1_156' title='bbox 1236 2477 1342 2540; x_wconf 81' lang='lat' dir='ltr'>intrudi,</span> <span class='ocrx_word' id='word_1_157' title='bbox 1364 2477 1450 2533; x_wconf 88' lang='lat' dir='ltr'>idest</span> 
     </span>
     <span class='ocr_line' id='line_1_16' title="bbox 162 2562 1510 2638; baseline 0.002 -23"><span class='ocrx_word' id='word_1_158' title='bbox 162 2563 281 2624; x_wconf 78' lang='lat' dir='ltr'>Satanae,</span> <span class='ocrx_word' id='word_1_159' title='bbox 317 2563 365 2618; x_wconf 91' lang='lat' dir='ltr'>sed</span> <span class='ocrx_word' id='word_1_160' title='bbox 390 2580 450 2636; x_wconf 77' lang='lat' dir='ltr'>quae</span> <span class='ocrx_word' id='word_1_161' title='bbox 473 2563 530 2626; x_wconf 86' lang='lat' dir='ltr'>dei,</span> <span class='ocrx_word' id='word_1_162' title='bbox 563 2563 641 2620; x_wconf 88' lang='lat' dir='ltr'>cuius</span> <span class='ocrx_word' id='word_1_163' title='bbox 667 2563 781 2620; x_wconf 87' lang='lat' dir='ltr'>vicarius</span> <span class='ocrx_word' id='word_1_164' title='bbox 805 2564 936 2638; x_wconf 83' lang='lat' dir='ltr'>appellari</span> <span class='ocrx_word' id='word_1_165' title='bbox 959 2581 1013 2619; x_wconf 88' lang='lat' dir='ltr'>non</span> <span class='ocrx_word' id='word_1_166' title='bbox 1042 2573 1179 2638; x_wconf 77' lang='lat' dir='ltr'>gravatur.</span> <span class='ocrx_word' id='word_1_167' title='bbox 1225 2563 1263 2617; x_wconf 88' lang='lat' dir='ltr'>Tu</span> <span class='ocrx_word' id='word_1_168' title='bbox 1294 2562 1340 2636; x_wconf 90' lang='lat' dir='ltr'>qui</span> <span class='ocrx_word' id='word_1_169' title='bbox 1368 2571 1510 2621; x_wconf 66' lang='lat' dir='ltr'>novam.</span> 
     </span>
     <span class='ocr_line' id='line_1_17' title="bbox 161 2646 1452 2724; baseline 0.002 -23"><span class='ocrx_word' id='word_1_170' title='bbox 161 2663 269 2703; x_wconf 90' lang='lat' dir='ltr'>omnem</span> <span class='ocrx_word' id='word_1_171' title='bbox 295 2656 461 2709; x_wconf 89' lang='lat' dir='ltr'>creaturam,</span> <span class='ocrx_word' id='word_1_172' title='bbox 494 2647 585 2706; x_wconf 89' lang='lat' dir='ltr'>insere</span> <span class='ocrx_word' id='word_1_173' title='bbox 604 2647 644 2703; x_wconf 92' lang='lat' dir='ltr'>illi</span> <span class='ocrx_word' id='word_1_174' title='bbox 669 2658 786 2705; x_wconf 90' lang='lat' dir='ltr'>mentem</span> <span class='ocrx_word' id='word_1_175' title='bbox 808 2649 940 2711; x_wconf 88' lang='lat' dir='ltr'>sobriam,</span> <span class='ocrx_word' id='word_1_176' title='bbox 964 2658 995 2704; x_wconf 87' lang='lat' dir='ltr'>ut</span> <span class='ocrx_word' id='word_1_177' title='bbox 1019 2647 1139 2724; x_wconf 80' lang='lat' dir='ltr'>crapulae</span> <span class='ocrx_word' id='word_1_178' title='bbox 1159 2646 1300 2704; x_wconf 91' lang='lat' dir='ltr'>nidoribus</span> <span class='ocrx_word' id='word_1_179' title='bbox 1319 2665 1349 2702; x_wconf 90' lang='lat' dir='ltr'>ac</span> <span class='ocrx_word' id='word_1_180' title='bbox 1368 2647 1452 2703; x_wconf 88' lang='lat' dir='ltr'>nebu·</span> 
     </span>
     <span class='ocr_line' id='line_1_18' title="bbox 161 2729 1451 2810; baseline 0.002 -25"><span class='ocrx_word' id='word_1_181' title='bbox 161 2731 194 2785; x_wconf 89' lang='lat' dir='ltr'>lis</span> <span class='ocrx_word' id='word_1_182' title='bbox 214 2731 298 2786; x_wconf 89' lang='lat' dir='ltr'>libera</span> <span class='ocrx_word' id='word_1_183' title='bbox 320 2732 473 2789; x_wconf 82' lang='lat' dir='ltr'>meminisse</span> <span class='ocrx_word' id='word_1_184' title='bbox 493 2733 583 2808; x_wconf 91' lang='lat' dir='ltr'>possit</span> <span class='ocrx_word' id='word_1_185' title='bbox 606 2751 686 2810; x_wconf 88' lang='lat' dir='ltr'>quom</span> <span class='ocrx_word' id='word_1_186' title='bbox 709 2735 848 2808; x_wconf 81' lang='lat' dir='ltr'>occuparit</span> <span class='ocrx_word' id='word_1_187' title='bbox 876 2734 978 2796; x_wconf 90' lang='lat' dir='ltr'>locum,</span> <span class='ocrx_word' id='word_1_188' title='bbox 1007 2736 1086 2790; x_wconf 87' lang='lat' dir='ltr'>euius</span> <span class='ocrx_word' id='word_1_189' title='bbox 1112 2732 1195 2789; x_wconf 87' lang='lat' dir='ltr'>vicem</span> <span class='ocrx_word' id='word_1_190' title='bbox 1223 2750 1319 2805; x_wconf 77' lang='lat' dir='ltr'>gerere</span> <span class='ocrx_word' id='word_1_191' title='bbox 1346 2729 1451 2793; x_wconf 85' lang='lat' dir='ltr'>debeat,</span> 
     </span>
     <span class='ocr_line' id='line_1_19' title="bbox 160 2816 1512 2896; baseline 0.001 -26"><span class='ocrx_word' id='word_1_192' title='bbox 160 2816 287 2872; x_wconf 87' lang='lat' dir='ltr'>uimirmn</span> <span class='ocrx_word' id='word_1_193' title='bbox 311 2826 396 2881; x_wconf 88' lang='lat' dir='ltr'>tuam,</span> <span class='ocrx_word' id='word_1_194' title='bbox 428 2818 473 2890; x_wconf 78' lang='lat' dir='ltr'>qni</span> <span class='ocrx_word' id='word_1_195' title='bbox 494 2818 643 2892; x_wconf 88' lang='lat' dir='ltr'>repudiatis</span> <span class='ocrx_word' id='word_1_196' title='bbox 666 2819 792 2876; x_wconf 89' lang='lat' dir='ltr'>omuibus</span> <span class='ocrx_word' id='word_1_197' title='bbox 813 2819 892 2877; x_wconf 90' lang='lat' dir='ltr'>buius</span> <span class='ocrx_word' id='word_1_198' title='bbox 915 2816 1006 2876; x_wconf 86' lang='lat' dir='ltr'>mundi</span> <span class='ocrx_word' id='word_1_199' title='bbox 1030 2818 1265 2896; x_wconf 44' lang='lat' dir='ltr'>bonisslilectaiu·</span> <span class='ocrx_word' id='word_1_200' title='bbox 1285 2817 1365 2873; x_wconf 91' lang='lat' dir='ltr'>etiam</span> <span class='ocrx_word' id='word_1_201' title='bbox 1394 2816 1451 2873; x_wconf 88' lang='lat' dir='ltr'>ani·</span> <span class='ocrx_word' id='word_1_202' title='bbox 1508 2866 1512 2872; x_wconf 90' lang='lat'><em>.</em></span> 
     </span>
     <span class='ocr_line' id='line_1_20' title="bbox 127 2901 1451 2979; baseline 0.001 -23"><span class='ocrx_word' id='word_1_203' title='bbox 127 2918 230 2956; x_wconf 79' lang='lat' dir='ltr'>aoniam</span> <span class='ocrx_word' id='word_1_204' title='bbox 252 2910 325 2958; x_wconf 91' lang='lat' dir='ltr'>tuam</span> <span class='ocrx_word' id='word_1_205' title='bbox 344 2911 442 2976; x_wconf 86' lang='lat' dir='ltr'>sponte</span> <span class='ocrx_word' id='word_1_206' title='bbox 465 2921 515 2978; x_wconf 89' lang='lat' dir='ltr'>pro</span> <span class='ocrx_word' id='word_1_207' title='bbox 539 2903 633 2960; x_wconf 87' lang='lat' dir='ltr'>ovibus</span> <span class='ocrx_word' id='word_1_208' title='bbox 655 2905 708 2960; x_wconf 91' lang='lat' dir='ltr'>tuis</span> <span class='ocrx_word' id='word_1_209' title='bbox 730 2905 901 2978; x_wconf 86' lang='lat' dir='ltr'>bnpendisti,</span> <span class='ocrx_word' id='word_1_210' title='bbox 931 2922 986 2979; x_wconf 84' lang='lat' dir='ltr'>quo</span> <span class='ocrx_word' id='word_1_211' title='bbox 1008 2905 1063 2961; x_wconf 86' lang='lat' dir='ltr'>veri</span> <span class='ocrx_word' id='word_1_212' title='bbox 1086 2903 1206 2977; x_wconf 89' lang='lat' dir='ltr'>pastoris</span> <span class='ocrx_word' id='word_1_213' title='bbox 1237 2901 1327 2958; x_wconf 82' lang='lat' dir='ltr'>allicio</span> <span class='ocrx_word' id='word_1_214' title='bbox 1354 2902 1451 2974; x_wconf 81' lang='lat' dir='ltr'>lunge·</span> 
     </span>
     <span class='ocr_line' id='line_1_21' title="bbox 160 2986 1464 3064; baseline 0.002 -24"><span class='ocrx_word' id='word_1_215' title='bbox 160 2986 229 3041; x_wconf 84' lang='lat' dir='ltr'>reris</span> <span class='ocrx_word' id='word_1_216' title='bbox 252 2986 420 3061; x_wconf 84' lang='lat' dir='ltr'>reliquisque</span> <span class='ocrx_word' id='word_1_217' title='bbox 442 2989 487 3060; x_wconf 83' lang='lat' dir='ltr'>qni</span> <span class='ocrx_word' id='word_1_218' title='bbox 504 2988 623 3062; x_wconf 87' lang='lat' dir='ltr'>pastoris</span> <span class='ocrx_word' id='word_1_219' title='bbox 642 3006 740 3045; x_wconf 84' lang='lat' dir='ltr'>nornen</span> <span class='ocrx_word' id='word_1_220' title='bbox 756 2997 785 3044; x_wconf 94' lang='lat' dir='ltr'>et</span> <span class='ocrx_word' id='word_1_221' title='bbox 800 2990 883 3047; x_wconf 82' lang='lat' dir='ltr'>vicem</span> <span class='ocrx_word' id='word_1_222' title='bbox 897 2999 1085 3064; x_wconf 71' lang='lat' dir='ltr'>capesserent,</span> <span class='ocrx_word' id='word_1_223' title='bbox 1104 2986 1256 3061; x_wconf 76' lang='lat' dir='ltr'>exemplum</span> <span class='ocrx_word' id='word_1_224' title='bbox 1272 2986 1464 3062; x_wconf 52' lang='lat' dir='ltr'>relinqueres„</span> 
     </span>
     <span class='ocr_line' id='line_1_22' title="bbox 161 3071 1451 3149; baseline 0.002 -24"><span class='ocrx_word' id='word_1_225' title='bbox 161 3071 215 3132; x_wconf 89' lang='lat' dir='ltr'>lac,</span> <span class='ocrx_word' id='word_1_226' title='bbox 238 3079 269 3126; x_wconf 92' lang='grc' dir='ltr'>ιιι</span> <span class='ocrx_word' id='word_1_227' title='bbox 290 3072 405 3145; x_wconf 85' lang='lat' dir='ltr'>posthac</span> <span class='ocrx_word' id='word_1_228' title='bbox 426 3072 509 3128; x_wconf 88' lang='lat' dir='ltr'>lulius</span> <span class='ocrx_word' id='word_1_229' title='bbox 530 3073 656 3128; x_wconf 88' lang='lat' dir='ltr'>nonnisi</span> <span class='ocrx_word' id='word_1_230' title='bbox 679 3075 718 3129; x_wconf 88' lang='lat' dir='ltr'>tui</span> <span class='ocrx_word' id='word_1_231' title='bbox 742 3075 856 3147; x_wconf 90' lang='lat' dir='ltr'>spiritus</span> <span class='ocrx_word' id='word_1_232' title='bbox 879 3084 970 3131; x_wconf 91' lang='lat' dir='ltr'>musto</span> <span class='ocrx_word' id='word_1_233' title='bbox 990 3074 1143 3149; x_wconf 88' lang='lat' dir='ltr'>repleatur,</span> <span class='ocrx_word' id='word_1_234' title='bbox 1165 3080 1196 3129; x_wconf 91' lang='lat' dir='ltr'>ut</span> <span class='ocrx_word' id='word_1_235' title='bbox 1217 3072 1253 3129; x_wconf 91' lang='lat' dir='ltr'>sit</span> <span class='ocrx_word' id='word_1_236' title='bbox 1272 3071 1451 3144; x_wconf 77' lang='lat' dir='ltr'>sobriaque·</span> 
     </span>
     <span class='ocr_line' id='line_1_23' title="bbox 159 3155 1449 3233; baseline 0 -21"><span class='ocrx_word' id='word_1_237' title='bbox 159 3156 220 3212; x_wconf 89' lang='lat' dir='ltr'>dam</span> <span class='ocrx_word' id='word_1_238' title='bbox 242 3164 269 3210; x_wconf 90' lang='lat' dir='ltr'>et</span> <span class='ocrx_word' id='word_1_239' title='bbox 292 3165 383 3214; x_wconf 89' lang='lat' dir='ltr'>sancta</span> <span class='ocrx_word' id='word_1_240' title='bbox 405 3157 538 3213; x_wconf 89' lang='lat' dir='ltr'>ebrietate</span> <span class='ocrx_word' id='word_1_241' title='bbox 557 3157 737 3221; x_wconf 87' lang='lat' dir='ltr'>temulentus,</span> <span class='ocrx_word' id='word_1_242' title='bbox 762 3168 792 3215; x_wconf 92' lang='lat' dir='ltr'>ut</span> <span class='ocrx_word' id='word_1_243' title='bbox 813 3158 881 3215; x_wconf 92' lang='lat' dir='ltr'>nibil</span> <span class='ocrx_word' id='word_1_244' title='bbox 903 3160 955 3216; x_wconf 88' lang='lat' dir='ltr'>iam</span> <span class='ocrx_word' id='word_1_245' title='bbox 979 3177 1043 3217; x_wconf 89' lang='lat' dir='ltr'>eum</span> <span class='ocrx_word' id='word_1_246' title='bbox 1067 3159 1168 3233; x_wconf 87' lang='lat' dir='ltr'>pudeat</span> <span class='ocrx_word' id='word_1_247' title='bbox 1189 3158 1242 3213; x_wconf 88' lang='lat' dir='ltr'>nisi</span> <span class='ocrx_word' id='word_1_248' title='bbox 1263 3155 1449 3229; x_wconf 83' lang='lat' dir='ltr'>turpitudinis.</span> 
     </span>
     <span class='ocr_line' id='line_1_24' title="bbox 160 3240 1448 3317; baseline 0.002 -22"><span class='ocrx_word' id='word_1_249' title='bbox 160 3240 228 3295; x_wconf 89' lang='lat' dir='ltr'>nibil</span> <span class='ocrx_word' id='word_1_250' title='bbox 248 3242 359 3298; x_wconf 89' lang='lat' dir='ltr'>borrcat</span> <span class='ocrx_word' id='word_1_251' title='bbox 380 3241 433 3297; x_wconf 88' lang='lat' dir='ltr'>nisi</span> <span class='ocrx_word' id='word_1_252' title='bbox 457 3261 519 3317; x_wconf 77' lang='lat' dir='ltr'>quar</span> <span class='ocrx_word' id='word_1_253' title='bbox 540 3249 570 3298; x_wconf 90' lang='lat' dir='ltr'>tu</span> <span class='ocrx_word' id='word_1_254' title='bbox 593 3243 688 3306; x_wconf 87' lang='lat' dir='ltr'>odisti,</span> <span class='ocrx_word' id='word_1_255' title='bbox 718 3242 783 3298; x_wconf 85' lang='lat' dir='ltr'>nihil</span> <span class='ocrx_word' id='word_1_256' title='bbox 809 3252 881 3300; x_wconf 87' lang='lat' dir='ltr'>amet</span> <span class='ocrx_word' id='word_1_257' title='bbox 903 3245 954 3300; x_wconf 88' lang='lat' dir='ltr'>uisi</span> <span class='ocrx_word' id='word_1_258' title='bbox 970 3244 1114 3306; x_wconf 85' lang='lat' dir='ltr'>coelestia,</span> <span class='ocrx_word' id='word_1_259' title='bbox 1141 3241 1208 3298; x_wconf 88' lang='lat' dir='ltr'>nihil</span> <span class='ocrx_word' id='word_1_260' title='bbox 1231 3242 1319 3316; x_wconf 84' lang='lat' dir='ltr'>sapiat</span> <span class='ocrx_word' id='word_1_261' title='bbox 1338 3240 1391 3296; x_wconf 90' lang='lat' dir='ltr'>nisi</span> <span class='ocrx_word' id='word_1_262' title='bbox 1413 3249 1448 3303; x_wconf 83' lang='lat' dir='ltr'>te.</span> 
     </span>
     <span class='ocr_line' id='line_1_25' title="bbox 125 3326 1509 3402; baseline -0.001 -20"><span class='ocrx_word' id='word_1_263' title='bbox 125 3326 189 3382; x_wconf 73' lang='lat' dir='ltr'>asin</span> <span class='ocrx_word' id='word_1_264' title='bbox 213 3343 266 3399; x_wconf 89' lang='lat' dir='ltr'>quo</span> <span class='ocrx_word' id='word_1_265' title='bbox 287 3345 341 3382; x_wconf 91' lang='lat' dir='ltr'>uuo</span> <span class='ocrx_word' id='word_1_266' title='bbox 359 3326 432 3382; x_wconf 86' lang='lat' dir='ltr'>bona</span> <span class='ocrx_word' id='word_1_267' title='bbox 453 3336 518 3384; x_wconf 89' lang='lat' dir='ltr'>sunt</span> <span class='ocrx_word' id='word_1_268' title='bbox 538 3328 637 3383; x_wconf 89' lang='lat' dir='ltr'>omnia.</span> <span class='ocrx_word' id='word_1_269' title='bbox 682 3328 932 3397; x_wconf 83' lang='lat' dir='ltr'>Otranslornrator</span> <span class='ocrx_word' id='word_1_270' title='bbox 954 3329 1140 3402; x_wconf 89' lang='lat' dir='ltr'>omnipotens,</span> <span class='ocrx_word' id='word_1_271' title='bbox 1164 3327 1210 3400; x_wconf 92' lang='lat' dir='ltr'>qui</span> <span class='ocrx_word' id='word_1_272' title='bbox 1228 3326 1303 3382; x_wconf 90' lang='lat' dir='ltr'>solus</span> <span class='ocrx_word' id='word_1_273' title='bbox 1321 3326 1450 3383; x_wconf 86' lang='lat' dir='ltr'>immensa</span> <span class='ocrx_word' id='word_1_274' title='bbox 1464 3331 1509 3382; x_wconf 75' lang='lat' dir='ltr'>bt.</span> 
     </span>
     <span class='ocr_line' id='line_1_26' title="bbox 161 3410 1451 3486; baseline 0 -21"><span class='ocrx_word' id='word_1_275' title='bbox 161 3420 207 3465; x_wconf 91' lang='lat' dir='ltr'>tua</span> <span class='ocrx_word' id='word_1_276' title='bbox 228 3413 351 3482; x_wconf 78' lang='lat' dir='ltr'>potimtia</span> <span class='ocrx_word' id='word_1_277' title='bbox 373 3411 445 3467; x_wconf 83' lang='lat' dir='ltr'>vales</span> <span class='ocrx_word' id='word_1_278' title='bbox 466 3411 506 3468; x_wconf 89' lang='lat' dir='ltr'>vel</span> <span class='ocrx_word' id='word_1_279' title='bbox 528 3429 560 3468; x_wconf 85' lang='lat' dir='ltr'>ex</span> <span class='ocrx_word' id='word_1_280' title='bbox 582 3412 680 3469; x_wconf 84' lang='lat' dir='ltr'>Satara</span> <span class='ocrx_word' id='word_1_281' title='bbox 701 3410 828 3484; x_wconf 81' lang='lat' dir='ltr'>angelum</span> <span class='ocrx_word' id='word_1_282' title='bbox 854 3411 925 3470; x_wconf 88' lang='lat' dir='ltr'>lucis</span> <span class='ocrx_word' id='word_1_283' title='bbox 946 3412 1049 3477; x_wconf 89' lang='lat' dir='ltr'>lacere,</span> <span class='ocrx_word' id='word_1_284' title='bbox 1075 3411 1191 3486; x_wconf 80' lang='lat' dir='ltr'>prodiga</span> <span class='ocrx_word' id='word_1_285' title='bbox 1219 3429 1233 3467; x_wconf 89' lang='lat' dir='ltr'>a</span> <span class='ocrx_word' id='word_1_286' title='bbox 1254 3410 1322 3469; x_wconf 91' lang='lat' dir='ltr'>lulio</span> <span class='ocrx_word' id='word_1_287' title='bbox 1345 3410 1451 3466; x_wconf 86' lang='lat' dir='ltr'>univer·</span> 
     </span>
     <span class='ocr_line' id='line_1_27' title="bbox 159 3494 1451 3571; baseline -0.001 -21"><span class='ocrx_word' id='word_1_288' title='bbox 159 3513 216 3550; x_wconf 82' lang='lat' dir='ltr'>sani</span> <span class='ocrx_word' id='word_1_289' title='bbox 235 3496 362 3552; x_wconf 89' lang='lat' dir='ltr'>vitiorum</span> <span class='ocrx_word' id='word_1_290' title='bbox 383 3495 543 3560; x_wconf 82' lang='lat' dir='ltr'>colluviem,</span> <span class='ocrx_word' id='word_1_291' title='bbox 572 3513 606 3551; x_wconf 89' lang='lat' dir='ltr'>nc</span> <span class='ocrx_word' id='word_1_292' title='bbox 625 3514 754 3570; x_wconf 88' lang='lat' dir='ltr'>sponsam</span> <span class='ocrx_word' id='word_1_293' title='bbox 777 3504 864 3560; x_wconf 87' lang='lat' dir='ltr'>tuam,</span> <span class='ocrx_word' id='word_1_294' title='bbox 888 3514 967 3571; x_wconf 86' lang='lat' dir='ltr'>quam</span> <span class='ocrx_word' id='word_1_295' title='bbox 985 3505 1016 3552; x_wconf 92' lang='lat' dir='ltr'>ut</span> <span class='ocrx_word' id='word_1_296' title='bbox 1030 3495 1228 3553; x_wconf 81' lang='lat' dir='ltr'>immaculatam</span> <span class='ocrx_word' id='word_1_297' title='bbox 1242 3494 1370 3557; x_wconf 90' lang='lat' dir='ltr'>baberes,</span> <span class='ocrx_word' id='word_1_298' title='bbox 1390 3511 1451 3549; x_wconf 85' lang='lat' dir='ltr'>san·</span> 
     </span>
     <span class='ocr_line' id='line_1_28' title="bbox 159 3577 1450 3655; baseline -0.001 -21"><span class='ocrx_word' id='word_1_299' title='bbox 159 3580 242 3651; x_wconf 83' lang='lat' dir='ltr'>guine</span> <span class='ocrx_word' id='word_1_300' title='bbox 270 3589 317 3637; x_wconf 91' lang='lat' dir='ltr'>tuo</span> <span class='ocrx_word' id='word_1_301' title='bbox 343 3580 447 3643; x_wconf 83' lang='lat' dir='ltr'>lavisti.</span> <span class='ocrx_word' id='word_1_302' title='bbox 480 3580 758 3641; x_wconf 81' lang='lat' dir='ltr'>contaminatissimas</span> <span class='ocrx_word' id='word_1_303' title='bbox 785 3582 935 3655; x_wconf 73' lang='lat' dir='ltr'>gubernet,</span> <span class='ocrx_word' id='word_1_304' title='bbox 969 3599 1002 3638; x_wconf 91' lang='lat' dir='ltr'>ne</span> <span class='ocrx_word' id='word_1_305' title='bbox 1032 3581 1055 3636; x_wconf 91' lang='lat' dir='ltr'>is</span> <span class='ocrx_word' id='word_1_306' title='bbox 1082 3581 1128 3655; x_wconf 88' lang='lat' dir='ltr'>qui</span> <span class='ocrx_word' id='word_1_307' title='bbox 1158 3579 1284 3636; x_wconf 89' lang='lat' dir='ltr'>omnibus</span> <span class='ocrx_word' id='word_1_308' title='bbox 1317 3577 1450 3636; x_wconf 87' lang='lat' dir='ltr'>scelerum</span> 
     </span>
     <span class='ocr_line' id='line_1_29' title="bbox 160 3663 1450 3741; baseline -0.002 -22"><span class='ocrx_word' id='word_1_309' title='bbox 160 3665 279 3722; x_wconf 88' lang='lat' dir='ltr'>omniurn</span> <span class='ocrx_word' id='word_1_310' title='bbox 299 3666 401 3722; x_wconf 86' lang='lat' dir='ltr'>veniam</span> <span class='ocrx_word' id='word_1_311' title='bbox 424 3665 570 3740; x_wconf 86' lang='lat' dir='ltr'>pollicetur</span> <span class='ocrx_word' id='word_1_312' title='bbox 591 3684 621 3723; x_wconf 87' lang='lat' dir='ltr'>ac</span> <span class='ocrx_word' id='word_1_313' title='bbox 647 3667 750 3728; x_wconf 81' lang='lat' dir='ltr'>rendit,</span> <span class='ocrx_word' id='word_1_314' title='bbox 781 3666 839 3741; x_wconf 88' lang='lat' dir='ltr'>ipse</span> <span class='ocrx_word' id='word_1_315' title='bbox 862 3667 898 3723; x_wconf 89' lang='lat' dir='ltr'>sit</span> <span class='ocrx_word' id='word_1_316' title='bbox 919 3666 1068 3723; x_wconf 84' lang='lat' dir='ltr'>sceleribus</span> <span class='ocrx_word' id='word_1_317' title='bbox 1092 3664 1217 3721; x_wconf 89' lang='lat' dir='ltr'>omnibus</span> <span class='ocrx_word' id='word_1_318' title='bbox 1242 3663 1390 3722; x_wconf 83' lang='lat' dir='ltr'>olmorius:</span> <span class='ocrx_word' id='word_1_319' title='bbox 1416 3679 1450 3718; x_wconf 88' lang='lat' dir='ltr'>ne</span> 
     </span>
     <span class='ocr_line' id='line_1_30' title="bbox 125 3749 1450 3827; baseline -0.002 -22"><span class='ocrx_word' id='word_1_320' title='bbox 125 3751 208 3822; x_wconf 84' lang='lat' dir='ltr'>sequi</span> <span class='ocrx_word' id='word_1_321' title='bbox 228 3759 311 3824; x_wconf 85' lang='lat' dir='ltr'>capot</span> <span class='ocrx_word' id='word_1_322' title='bbox 332 3750 453 3809; x_wconf 75' lang='lat' dir='ltr'>ecclcsiae</span> <span class='ocrx_word' id='word_1_323' title='bbox 475 3752 564 3807; x_wconf 85' lang='lat' dir='ltr'>vocari</span> <span class='ocrx_word' id='word_1_324' title='bbox 587 3752 694 3815; x_wconf 87' lang='lat' dir='ltr'>studet,</span> <span class='ocrx_word' id='word_1_325' title='bbox 717 3751 867 3809; x_wconf 87' lang='lat' dir='ltr'>membrum</span> <span class='ocrx_word' id='word_1_326' title='bbox 889 3752 926 3808; x_wconf 89' lang='lat' dir='ltr'>sit</span> <span class='ocrx_word' id='word_1_327' title='bbox 946 3750 1062 3815; x_wconf 85' lang='lat' dir='ltr'>diaboli;</span> <span class='ocrx_word' id='word_1_328' title='bbox 1085 3769 1120 3808; x_wconf 91' lang='lat' dir='ltr'>ne</span> <span class='ocrx_word' id='word_1_329' title='bbox 1143 3751 1190 3827; x_wconf 89' lang='lat' dir='ltr'>qui</span> <span class='ocrx_word' id='word_1_330' title='bbox 1211 3749 1299 3806; x_wconf 87' lang='lat' dir='ltr'>claves</span> <span class='ocrx_word' id='word_1_331' title='bbox 1321 3755 1450 3810; x_wconf 84' lang='lat' dir='ltr'>ostentat,</span> 
     </span>
     <span class='ocr_line' id='line_1_31' title="bbox 161 3831 1451 3911; baseline -0.001 -22"><span class='ocrx_word' id='word_1_332' title='bbox 161 3833 259 3907; x_wconf 83' lang='lat' dir='ltr'>quibus</span> <span class='ocrx_word' id='word_1_333' title='bbox 282 3853 398 3908; x_wconf 75' lang='lat' dir='ltr'>regnum</span> <span class='ocrx_word' id='word_1_334' title='bbox 424 3835 556 3893; x_wconf 78' lang='lat' dir='ltr'>melorum</span> <span class='ocrx_word' id='word_1_335' title='bbox 582 3835 643 3892; x_wconf 87' lang='lat' dir='ltr'>aliis</span> <span class='ocrx_word' id='word_1_336' title='bbox 664 3834 816 3911; x_wconf 85' lang='lat' dir='ltr'>aperiatul,</span> <span class='ocrx_word' id='word_1_337' title='bbox 846 3839 904 3911; x_wconf 88' lang='lat' dir='ltr'>ipse</span> <span class='ocrx_word' id='word_1_338' title='bbox 926 3837 963 3893; x_wconf 90' lang='lat' dir='ltr'>sit</span> <span class='ocrx_word' id='word_1_339' title='bbox 985 3856 1000 3893; x_wconf 89' lang='lat' dir='ltr'>a</span> <span class='ocrx_word' id='word_1_340' title='bbox 1023 3845 1071 3893; x_wconf 88' lang='lat' dir='ltr'>tuo</span> <span class='ocrx_word' id='word_1_341' title='bbox 1098 3853 1186 3910; x_wconf 80' lang='lat' dir='ltr'>reguo</span> <span class='ocrx_word' id='word_1_342' title='bbox 1210 3834 1291 3908; x_wconf 79' lang='lat' dir='ltr'>longe</span> <span class='ocrx_word' id='word_1_343' title='bbox 1314 3831 1451 3895; x_wconf 80' lang='lat' dir='ltr'>seclusus:</span> 
     </span>
     <span class='ocr_line' id='line_1_32' title="bbox 160 3917 1487 3997; baseline -0.002 -23"><span class='ocrx_word' id='word_1_344' title='bbox 160 3935 193 3974; x_wconf 87' lang='lat' dir='ltr'>ne</span> <span class='ocrx_word' id='word_1_345' title='bbox 213 3920 259 3992; x_wconf 91' lang='lat' dir='ltr'>qui</span> <span class='ocrx_word' id='word_1_346' title='bbox 278 3919 347 3976; x_wconf 92' lang='lat' dir='ltr'>alios</span> <span class='ocrx_word' id='word_1_347' title='bbox 371 3939 386 3976; x_wconf 92' lang='lat' dir='ltr'>a</span> <span class='ocrx_word' id='word_1_348' title='bbox 406 3921 595 3979; x_wconf 78' lang='lat' dir='ltr'>comittunione</span> <span class='ocrx_word' id='word_1_349' title='bbox 621 3930 777 3979; x_wconf 90' lang='lat' dir='ltr'>sauctorum</span> <span class='ocrx_word' id='word_1_350' title='bbox 800 3921 932 3984; x_wconf 75' lang='lat' dir='ltr'>excludit,</span> <span class='ocrx_word' id='word_1_351' title='bbox 966 3922 1024 3996; x_wconf 90' lang='lat' dir='ltr'>ipsc</span> <span class='ocrx_word' id='word_1_352' title='bbox 1052 3919 1120 3977; x_wconf 85' lang='lat' dir='ltr'>nilul</span> <span class='ocrx_word' id='word_1_353' title='bbox 1149 3919 1247 3997; x_wconf 81' lang='lat' dir='ltr'>habeat</span> <span class='ocrx_word' id='word_1_354' title='bbox 1266 3937 1328 3976; x_wconf 90' lang='lat' dir='ltr'>cum</span> <span class='ocrx_word' id='word_1_355' title='bbox 1349 3917 1451 3974; x_wconf 88' lang='lat' dir='ltr'>sanctis</span> <span class='ocrx_word' id='word_1_356' title='bbox 1482 3963 1487 3972; x_wconf 92' lang='lat'><em>.</em></span> 
     </span>
     <span class='ocr_line' id='line_1_33' title="bbox 159 4001 1451 4080; baseline -0.001 -22"><span class='ocrx_word' id='word_1_357' title='bbox 159 4022 317 4069; x_wconf 86' lang='lat' dir='ltr'>commune;</span> <span class='ocrx_word' id='word_1_358' title='bbox 337 4022 370 4061; x_wconf 90' lang='lat' dir='ltr'>ue</span> <span class='ocrx_word' id='word_1_359' title='bbox 391 4007 414 4064; x_wconf 90' lang='lat' dir='ltr'>is</span> <span class='ocrx_word' id='word_1_360' title='bbox 432 4023 483 4080; x_wconf 85' lang='lat' dir='ltr'>per</span> <span class='ocrx_word' id='word_1_361' title='bbox 502 4022 582 4078; x_wconf 86' lang='lat' dir='ltr'>quom</span> <span class='ocrx_word' id='word_1_362' title='bbox 601 4022 651 4063; x_wconf 90' lang='lat' dir='ltr'>ceu</span> <span class='ocrx_word' id='word_1_363' title='bbox 666 4005 786 4063; x_wconf 88' lang='lat' dir='ltr'>canalem</span> <span class='ocrx_word' id='word_1_364' title='bbox 805 4006 896 4063; x_wconf 82' lang='lat' dir='ltr'>omnia</span> <span class='ocrx_word' id='word_1_365' title='bbox 916 4015 1083 4063; x_wconf 82' lang='lat' dir='ltr'>sacramenta</span> <span class='ocrx_word' id='word_1_366' title='bbox 1104 4005 1137 4062; x_wconf 92' lang='lat' dir='ltr'>ad</span> <span class='ocrx_word' id='word_1_367' title='bbox 1153 4024 1203 4063; x_wconf 89' lang='lat' dir='ltr'>nos</span> <span class='ocrx_word' id='word_1_368' title='bbox 1223 4002 1340 4060; x_wconf 81' lang='lat' dir='ltr'>derivari</span> <span class='ocrx_word' id='word_1_369' title='bbox 1358 4001 1451 4057; x_wconf 86' lang='lat' dir='ltr'>dicuu-</span> 
     </span>
     <span class='ocr_line' id='line_1_34' title="bbox 161 4088 1560 4164; baseline 0 -21"><span class='ocrx_word' id='word_1_370' title='bbox 161 4096 217 4151; x_wconf 88' lang='lat' dir='ltr'>tur.</span> <span class='ocrx_word' id='word_1_371' title='bbox 245 4090 303 4163; x_wconf 88' lang='lat' dir='ltr'>ipsc</span> <span class='ocrx_word' id='word_1_372' title='bbox 325 4090 393 4146; x_wconf 89' lang='lat' dir='ltr'>nibil</span> <span class='ocrx_word' id='word_1_373' title='bbox 414 4090 512 4146; x_wconf 68' lang='lat' dir='ltr'>baben</span> <span class='ocrx_word' id='word_1_374' title='bbox 534 4089 619 4151; x_wconf 90' lang='lat' dir='ltr'>saori;</span> <span class='ocrx_word' id='word_1_375' title='bbox 651 4106 686 4147; x_wconf 89' lang='lat' dir='ltr'>ne</span> <span class='ocrx_word' id='word_1_376' title='bbox 712 4091 758 4164; x_wconf 81' lang='lat' dir='ltr'>qui</span> <span class='ocrx_word' id='word_1_377' title='bbox 780 4108 878 4147; x_wconf 82' lang='lat' dir='ltr'>censor</span> <span class='ocrx_word' id='word_1_378' title='bbox 900 4092 1021 4148; x_wconf 86' lang='lat' dir='ltr'>omnium</span> <span class='ocrx_word' id='word_1_379' title='bbox 1042 4109 1102 4148; x_wconf 89' lang='lat' dir='ltr'>esse</span> <span class='ocrx_word' id='word_1_380' title='bbox 1123 4090 1218 4162; x_wconf 88' lang='lat' dir='ltr'>debet,</span> <span class='ocrx_word' id='word_1_381' title='bbox 1249 4088 1288 4146; x_wconf 90' lang='lat' dir='ltr'>sic</span> <span class='ocrx_word' id='word_1_382' title='bbox 1309 4088 1391 4148; x_wconf 78' lang='lat' dir='ltr'>dvm.</span> <span class='ocrx_word' id='word_1_383' title='bbox 1419 4095 1450 4143; x_wconf 90' lang='grc' dir='ltr'>ιιι</span> <span class='ocrx_word' id='word_1_384' title='bbox 1552 4124 1560 4131; x_wconf 95' lang='grc'>-</span> 
     </span>
     <span class='ocr_line' id='line_1_35' title="bbox 126 4171 1501 4251; baseline 0.001 -24"><span class='ocrx_word' id='word_1_385' title='bbox 126 4172 194 4228; x_wconf 83' lang='lat' dir='ltr'>asab</span> <span class='ocrx_word' id='word_1_386' title='bbox 217 4173 342 4230; x_wconf 87' lang='lat' dir='ltr'>omnibus</span> <span class='ocrx_word' id='word_1_387' title='bbox 364 4176 463 4233; x_wconf 88' lang='lat' dir='ltr'>merito</span> <span class='ocrx_word' id='word_1_388' title='bbox 486 4174 650 4249; x_wconf 89' lang='lat' dir='ltr'>reprebendi</span> <span class='ocrx_word' id='word_1_389' title='bbox 671 4175 775 4249; x_wconf 86' lang='lat' dir='ltr'>possit;</span> <span class='ocrx_word' id='word_1_390' title='bbox 808 4192 842 4232; x_wconf 88' lang='lat' dir='ltr'>ne</span> <span class='ocrx_word' id='word_1_391' title='bbox 871 4176 917 4249; x_wconf 92' lang='lat' dir='ltr'>qui</span> <span class='ocrx_word' id='word_1_392' title='bbox 943 4175 1013 4233; x_wconf 91' lang='lat' dir='ltr'>alios</span> <span class='ocrx_word' id='word_1_393' title='bbox 1042 4175 1136 4232; x_wconf 88' lang='lat' dir='ltr'>inlami</span> <span class='ocrx_word' id='word_1_394' title='bbox 1163 4176 1271 4251; x_wconf 85' lang='lat' dir='ltr'>pictura</span> <span class='ocrx_word' id='word_1_395' title='bbox 1300 4171 1449 4233; x_wconf 86' lang='lat' dir='ltr'>ulciscitur,</span> <span class='ocrx_word' id='word_1_396' title='bbox 1496 4234 1501 4242; x_wconf 58' lang='lat'>‚</span> 
     </span>
     <span class='ocr_line' id='line_1_36' title="bbox 161 4255 1451 4335; baseline 0.001 -25"><span class='ocrx_word' id='word_1_397' title='bbox 161 4258 217 4329; x_wconf 89' lang='lat' dir='ltr'>ipse</span> <span class='ocrx_word' id='word_1_398' title='bbox 240 4258 357 4331; x_wconf 87' lang='lat' dir='ltr'>plurima</span> <span class='ocrx_word' id='word_1_399' title='bbox 379 4260 526 4317; x_wconf 83' lang='lat' dir='ltr'>loedissima</span> <span class='ocrx_word' id='word_1_400' title='bbox 545 4259 579 4314; x_wconf 89' lang='lat' dir='ltr'>de</span> <span class='ocrx_word' id='word_1_401' title='bbox 604 4278 634 4314; x_wconf 90' lang='lat' dir='ltr'>se</span> <span class='ocrx_word' id='word_1_402' title='bbox 654 4259 776 4333; x_wconf 82' lang='lat' dir='ltr'>praebcat</span> <span class='ocrx_word' id='word_1_403' title='bbox 797 4270 971 4334; x_wconf 74' lang='lat' dir='ltr'>argumenta,</span> <span class='ocrx_word' id='word_1_404' title='bbox 994 4261 1015 4315; x_wconf 91' lang='lat' dir='ltr'>si</span> <span class='ocrx_word' id='word_1_405' title='bbox 1033 4260 1094 4334; x_wconf 88' lang='lat' dir='ltr'>quis</span> <span class='ocrx_word' id='word_1_406' title='bbox 1114 4260 1218 4335; x_wconf 89' lang='lat' dir='ltr'>pictura</span> <span class='ocrx_word' id='word_1_407' title='bbox 1237 4258 1370 4333; x_wconf 90' lang='lat' dir='ltr'>picturam</span> <span class='ocrx_word' id='word_1_408' title='bbox 1387 4255 1451 4313; x_wconf 84' lang='lat' dir='ltr'>velit</span> 
     </span>
     <span class='ocr_line' id='line_1_37' title="bbox 160 4341 1448 4418; baseline 0.002 -23"><span class='ocrx_word' id='word_1_409' title='bbox 160 4341 301 4408; x_wconf 84' lang='lat' dir='ltr'>retaliare;</span> <span class='ocrx_word' id='word_1_410' title='bbox 332 4361 366 4400; x_wconf 85' lang='lat' dir='ltr'>ne</span> <span class='ocrx_word' id='word_1_411' title='bbox 389 4346 434 4418; x_wconf 89' lang='lat' dir='ltr'>qui</span> <span class='ocrx_word' id='word_1_412' title='bbox 458 4345 506 4401; x_wconf 90' lang='lat' dir='ltr'>tibi</span> <span class='ocrx_word' id='word_1_413' title='bbox 526 4345 666 4418; x_wconf 76' lang='lat' dir='ltr'>proximus</span> <span class='ocrx_word' id='word_1_414' title='bbox 686 4352 729 4401; x_wconf 90' lang='lat' dir='ltr'>est</span> <span class='ocrx_word' id='word_1_415' title='bbox 757 4345 862 4401; x_wconf 74' lang='lat' dir='ltr'>liiiuoro</span> <span class='ocrx_word' id='word_1_416' title='bbox 888 4344 957 4408; x_wconf 89' lang='lat' dir='ltr'>loci,</span> <span class='ocrx_word' id='word_1_417' title='bbox 990 4344 1150 4418; x_wconf 79' lang='lat' dir='ltr'>longissime</span> <span class='ocrx_word' id='word_1_418' title='bbox 1171 4344 1243 4400; x_wconf 89' lang='lat' dir='ltr'>absit</span> <span class='ocrx_word' id='word_1_419' title='bbox 1264 4342 1312 4401; x_wconf 89' lang='lat' dir='ltr'>abs</span> <span class='ocrx_word' id='word_1_420' title='bbox 1338 4350 1365 4399; x_wconf 87' lang='lat' dir='ltr'>tc</span> <span class='ocrx_word' id='word_1_421' title='bbox 1388 4342 1448 4399; x_wconf 74' lang='lat' dir='ltr'>vitae</span> 
     </span>
     <span class='ocr_line' id='line_1_38' title="bbox 158 4423 1522 4503; baseline 0.001 -24"><span class='ocrx_word' id='word_1_422' title='bbox 158 4426 387 4485; x_wconf 89' lang='lat' dir='ltr'>dissimilitudine.</span> <span class='ocrx_word' id='word_1_423' title='bbox 429 4429 499 4497; x_wconf 78' lang='lat' dir='ltr'>Quid</span> <span class='ocrx_word' id='word_1_424' title='bbox 521 4429 593 4486; x_wconf 87' lang='lat' dir='ltr'>euim</span> <span class='ocrx_word' id='word_1_425' title='bbox 616 4429 665 4485; x_wconf 90' lang='lat' dir='ltr'>tibi</span> <span class='ocrx_word' id='word_1_426' title='bbox 687 4446 830 4487; x_wconf 88' lang='lat' dir='ltr'>commune</span> <span class='ocrx_word' id='word_1_427' title='bbox 857 4448 919 4487; x_wconf 86' lang='lat' dir='ltr'>curn</span> <span class='ocrx_word' id='word_1_428' title='bbox 939 4429 1041 4487; x_wconf 72' lang='lat' dir='ltr'>Belial?</span> <span class='ocrx_word' id='word_1_429' title='bbox 1075 4430 1138 4503; x_wconf 85' lang='lat' dir='ltr'>qnid</span> <span class='ocrx_word' id='word_1_430' title='bbox 1168 4428 1231 4485; x_wconf 89' lang='lat' dir='ltr'>buic</span> <span class='ocrx_word' id='word_1_431' title='bbox 1260 4428 1360 4484; x_wconf 88' lang='lat' dir='ltr'>mundo</span> <span class='ocrx_word' id='word_1_432' title='bbox 1388 4423 1522 4488; x_wconf 67' lang='lat' dir='ltr'>eumen·</span> 
     </span>
    </p>
   </div>
   <div class='ocr_carea' id='block_1_4' title="bbox 158 4608 1446 4763">
    <p class='ocr_par' dir='ltr' id='par_1_4' title="bbox 158 4608 1446 4763">
     <span class='ocr_line' id='line_1_39' title="bbox 227 4608 1444 4678; baseline 0 -21"><span class='ocrx_word' id='word_1_433' title='bbox 227 4610 435 4674; x_wconf 65' lang='lat' dir='ltr'>”spiritunon</span> <span class='ocrx_word' id='word_1_434' title='bbox 488 4609 679 4661; x_wconf 62' lang='lat' dir='ltr'>“bathano⁸</span> <span class='ocrx_word' id='word_1_435' title='bbox 698 4611 764 4676; x_wconf 79' lang='lat' dir='ltr'>ublq.</span> <span class='ocrx_word' id='word_1_436' title='bbox 811 4610 886 4678; x_wconf 56' lang='grc' dir='ltr'>Ἧι]</span> <span class='ocrx_word' id='word_1_437' title='bbox 907 4612 989 4663; x_wconf 81' lang='lat' dir='ltr'>bisa.</span> <span class='ocrx_word' id='word_1_438' title='bbox 1042 4610 1064 4643; x_wconf 81' lang='lat'>²²</span> <span class='ocrx_word' id='word_1_439' title='bbox 1083 4611 1128 4661; x_wconf 79' lang='lat' dir='ltr'>Cf.</span> <span class='ocrx_word' id='word_1_440' title='bbox 1141 4611 1202 4660; x_wconf 76' lang='lat' dir='ltr'>Aet.</span> <span class='ocrx_word' id='word_1_441' title='bbox 1216 4611 1267 4675; x_wconf 75' lang='lat' dir='ltr'>Ap.</span> <span class='ocrx_word' id='word_1_442' title='bbox 1279 4610 1317 4659; x_wconf 90' lang='lat'>11.</span> <span class='ocrx_word' id='word_1_443' title='bbox 1333 4608 1372 4659; x_wconf 82' lang='lat'>13.</span> <span class='ocrx_word' id='word_1_444' title='bbox 1385 4624 1444 4674; x_wconf 85' lang='lat' dir='ltr'>sqq.</span> 
     </span>
     <span class='ocr_line' id='line_1_40' title="bbox 158 4690 1446 4763; baseline 0.004 -21"><span class='ocrx_word' id='word_1_445' title='bbox 158 4690 180 4722; x_wconf 76' lang='lat'>³³</span> <span class='ocrx_word' id='word_1_446' title='bbox 193 4693 237 4742; x_wconf 79' lang='lat' dir='ltr'>Ct&#39;.</span> <span class='ocrx_word' id='word_1_447' title='bbox 251 4694 369 4743; x_wconf 87' lang='lat' dir='ltr'>Hutteni</span> <span class='ocrx_word' id='word_1_448' title='bbox 389 4694 475 4760; x_wconf 82' lang='lat' dir='ltr'>epigr.</span> <span class='ocrx_word' id='word_1_449' title='bbox 490 4695 522 4743; x_wconf 86' lang='lat' dir='ltr'>In</span> <span class='ocrx_word' id='word_1_450' title='bbox 540 4696 664 4758; x_wconf 77' lang='lat' dir='ltr'>plebarum</span> <span class='ocrx_word' id='word_1_451' title='bbox 676 4697 708 4744; x_wconf 86' lang='lat' dir='ltr'>de</span> <span class='ocrx_word' id='word_1_452' title='bbox 723 4696 834 4744; x_wconf 75' lang='lat' dir='ltr'>Caesare.</span> <span class='ocrx_word' id='word_1_453' title='bbox 870 4694 893 4726; x_wconf 75' lang='lat'>³⁸</span> <span class='ocrx_word' id='word_1_454' title='bbox 906 4694 948 4747; x_wconf 84' lang='lat' dir='ltr'>cf.</span> <span class='ocrx_word' id='word_1_455' title='bbox 962 4695 1043 4745; x_wconf 76' lang='lat' dir='ltr'>Pauli</span> <span class='ocrx_word' id='word_1_456' title='bbox 1055 4711 1099 4763; x_wconf 89' lang='lat' dir='ltr'>ep.</span> <span class='ocrx_word' id='word_1_457' title='bbox 1111 4695 1148 4745; x_wconf 91' lang='lat'>11.</span> <span class='ocrx_word' id='word_1_458' title='bbox 1163 4695 1199 4745; x_wconf 81' lang='lat' dir='ltr'>sd</span> <span class='ocrx_word' id='word_1_459' title='bbox 1212 4693 1336 4745; x_wconf 84' lang='lat' dir='ltr'>Corintlt.</span> <span class='ocrx_word' id='word_1_460' title='bbox 1349 4692 1446 4751; x_wconf 74' lang='lat' dir='ltr'>VLIb.</span> 
     </span>
    </p>
   </div>
   <div class='ocr_carea' id='block_1_5' title="bbox 0 0 1642 5414">
    <p class='ocr_par' dir='ltr' id='par_1_5' title="bbox 0 0 1642 5414">
     <span class='ocr_line' id='line_1_41' title="bbox 0 0 1642 5414; baseline 0 4"><span class='ocrx_word' id='word_1_461' title='bbox 0 0 1642 5414; x_wconf 95' lang='lat' dir='ltr'> </span> 
     </span>
    </p>
   </div>
  </div>
 </body>
</html>
