3276 5414
196 354 269 428 344
366 368 457 419 vnn.
527 382 653 418 nourrou
672 381 784 418 ruruvs.
856 377 996 418 Drahonus
1015 381 1205 418 nvrrsrrrovs.
1233 364 1327 429 (¹5²0.)

194 547 223 603 et
245 558 302 620 qua
324 538 499 600 sanctissimi
521 537 673 615 pontifices
695 556 729 597 ac
751 553 912 615 permagna
935 536 1016 597 orbis
1039 536 1195 598 Christiani
1223 554 1300 615 pars
1329 537 1502 616 ingrediun-

192 648 256 712 tur,
291 642 328 702 ad
351 639 475 702 eandem
498 638 621 700 salutem
644 640 800 718 pervenire
822 639 905 708 liret;
942 647 1004 699 tum
1028 640 1051 698 si
1074 637 1308 718 periclitandum
1338 648 1400 711 est,
1437 658 1502 701 curu

194 742 293 804 multis
315 743 419 804 iacitur
442 743 552 802 rectius
574 740 637 801 alca
660 760 747 820 quam
771 760 837 801 cum
861 759 919 802 uno
943 747 973 801 et
994 740 1096 800 altero.

126 862 184 912 §.aa
259 863 432 907 nvrnnnvs.
470 841 552 903 Nolis
575 844 662 903 etiarn
685 861 751 903 cum
776 842 873 903 inultis
895 843 1009 922 perire:
1039 843 1097 904 iam
1119 844 1176 904 hoc
1197 845 1277 904 euim
1295 844 1386 906 rideo
1404 844 1503 905 lacere

195 955 240 1017 te,
264 952 297 1007 nt
312 947 341 1006 in
357 944 514 1007 discrimen
536 944 614 1005 ultro
636 952 665 1005 te
690 945 805 1005 olleras.
834 945 912 1025 quod
937 944 1037 1005 desine
1060 946 1192 1015 taudem,
1216 953 1247 1006 et
1266 945 1345 1006 mihi
1362 947 1522 1025 permittes

194 1049 308 1111 hortari
331 1054 359 1108 te
382 1052 470 1125 atque
493 1047 580 1107 etiarn
602 1063 688 1107 orare
712 1055 740 1107 ct
762 1065 818 1125 per
840 1047 947 1107 Christi
970 1047 1079 1106 viscera
1103 1046 1260 1115 ohlestari‚
1284 1066 1326 1108 ne
1350 1053 1380 1108 te
1404 1049 1503 1108 inrer-

194 1151 315 1213 tendum
339 1149 487 1228 praebeas:
510 1148 567 1209 iam
590 1166 785 1227 permagnum
808 1149 864 1209 leci
885 1166 952 1208 meo
975 1147 1043 1208 alibi
1058 1148 1159 1209 labore
1175 1149 1325 1218 lrurtum;
1350 1150 1420 1211 siue
1436 1166 1504 1209 cum

194 1249 343 1329 mm
366 1244 374 1316 Ι
397 1256 438 1309 lot
460 1249 578 1310 milibus
600 1257 681 1310 tuam
704 1269 822 1330 quoque
844 1249 1001 1310 animulam
1025 1248 1152 1310 elucrari
1174 1269 1231 1310 me.

259 1372 410 1415 uomron.
448 1351 513 1411 Nou
535 1358 633 1429 potes:
657 1353 715 1412 iam
738 1352 811 1413 alius
832 1351 921 1412 habet
944 1352 1021 1411 enim
1044 1358 1191 1431 tenetque.

259 1473 432 1517 urrusnvs.
470 1451 541 1522 Quis
562 1452 670 1514 hahet?
1512 1468 1531 1503 u

259 1577 409 1618 uourrora.
447 1554 548 1615 llornae
571 1561 629 1623 est,
652 1554 693 1614 ibi
715 1561 841 1615 tenetur.

259 1677 432 1721 uvruenvs.
462 1654 596 1717 Nobilem
609 1658 824 1734 possessionem
840 1675 928 1736 quam
941 1657 1059 1734 indigno
1071 1656 1232 1734 deposuisti
1243 1656 1327 1717 loco:
1345 1658 1501 1736 perdetur.

261 1781 410 1823 meramors.
448 1760 568 1837 etipse
591 1757 695 1818 melius
717 1775 814 1836 spero.

130 1881 189 1932 §.aa
263 1882 437 1924 rmrnnnvs.
475 1860 517 1921 De
539 1877 591 1940 spe
613 1878 673 1920 non
695 1860 897 1938 reprehend03
920 1861 971 1920 sed
995 1868 1027 1920 ut
1049 1861 1107 1920 cito
1130 1860 1208 1938 quod
1231 1877 1338 1938 speras
1353 1860 1501 1939 adseque-

197 1961 405 2048 ffi‘ffii'ffi'iff'l
427 1963 484 2032 ris,
508 1969 610 2039 repete
626 1961 663 2022 ab
687 1959 761 2022 urbe
783 1961 964 2040 depositum:
987 1980 1046 2021 nou
1071 1970 1165 2022 tutum
1189 1969 1233 2022 est
1255 1963 1363 2022 animis
1385 1964 1529 2023 versario

197 2068 313 2128 Romae:
347 2066 404 2126 hoc
427 2064 497 2125 illud
521 2070 565 2125 est
588 2063 761 2125 barathrum
784 2065 876 2131 euim,
910 2064 990 2142 quod
1013 2082 1081 2124 cum
1104 2082 1221 2142 semper
1243 2070 1344 2133 roret,
1380 2082 1500 2142 semper

198 2177 296 2230 tamen
318 2170 425 2235 esurit,
449 2185 545 2246 neque
568 2183 697 2245 uuquam
720 2170 884 2234 saturatur;
913 2165 977 2225 haec
1005 2164 1053 2225 illa
1082 2172 1126 2225 est
1155 2183 1279 2243 vorago,
1311 2164 1362 2226 illa
1387 2165 1499 2246 Chary-

199 2270 266 2331 bdis
289 2288 355 2348 quae
377 2267 518 2328 absorbet
541 2284 596 2327 uec
619 2269 759 2337 revomit,
782 2274 870 2346 atquc
894 2266 932 2326 ibi
955 2268 1063 2327 misere
1079 2268 1251 2328 irretiuntur
1267 2269 1374 2327 animae
1390 2276 1422 2328 et
1437 2267 1498 2328 illa·

198 2368 281 2447 ξξξξῇῗ,
310 2370 317 2441 Ι
351 2378 497 2448 queantur
531 2375 650 2429 aeterum
683 2369 858 2449 perditionis
897 2368 1030 2429 neribus.
1082 2368 1174 2429 redde
1207 2368 1323 2429 Christo
1357 2372 1497 2438 animam,

199 2472 305 2540 redde,
328 2471 435 2531 amice!
1505 2482 1526 2522 a

97 2650 100 2655 Ι
131 2578 191 2628 §.tt
265 2591 414 2634 uouiron.
452 2571 571 2645 Quoties
595 2573 705 2642 dicam,
729 2573 841 2634 idcireo
863 2572 965 2632 lloune
987 2572 1117 2632 deditum
1141 2591 1202 2640 mc,
1232 2579 1264 2632 ut
1285 2571 1395 2634 Christi
1426 2575 1499 2635 siml

263 2693 437 2736 uvrnauvs.
474 2674 578 2742 Erras,
612 2674 660 2735 hio
683 2682 712 2735 te
734 2673 775 2734 illi
798 2674 950 2741 dabimus;
983 2674 1032 2734 hio
1054 2664 1084 2733 in
1114 2673 1237 2733 salutem
1265 2673 1497 2736 vindicabimus:

164 2783 168 2788 “
201 2776 281 2845 reni,
304 2792 353 2836 me
375 2794 517 2855 sequere:
540 2795 666 2855 sequere
689 2795 751 2845 rne,
775 2778 818 2836 sic
840 2783 868 2836 te
890 2776 1024 2836 Christus
1047 2783 1124 2836 amet
1146 2781 1174 2835 et
1196 2777 1305 2836 servoli

263 2897 416 2939 nourron.
454 2877 491 2936 Aa
518 2877 576 2937 iam
605 2878 663 2938 hor.
692 2880 781 2938 vetuit
815 2895 948 2938 sununus
977 2875 1024 2938 ille
1053 2884 1168 2955 pastor,
1202 2877 1396 2938 damnaturus
1422 2879 1497 2939 hanc

200 2997 288 3059 quam
311 2988 342 3039 tu
365 2979 464 3040 nescio
487 2997 546 3058 quo
569 2978 678 3040 lucrari
701 2978 780 3039 voles
802 2979 959 3039 animulam
982 2997 1077 3038 meam
1102 2978 1198 3039 modis
1219 2977 1374 3049 omnihus,
1399 2981 1424 3041 si
1444 2980 1525 3040 ubis

200 3096 329 3161 unquam
351 3087 501 3159 utcunque
524 3089 713 3143 conversatus
737 3082 829 3142 luero.
875 3081 925 3142 sed
950 3081 1018 3159 quid
1043 3080 1152 3141 diutius
1175 3081 1298 3140 detineri
1321 3099 1370 3140 me
1392 3083 1497 3158 patior,

189 3185 250 3262 qui
272 3200 331 3242 non
353 3190 386 3241 ut
408 3181 472 3243 haec
493 3182 640 3251 audirem,
665 3184 717 3244 sed
740 3184 776 3244 de
799 3202 846 3244 me
869 3191 901 3243 ut
923 3201 1074 3243 monerem
1099 3188 1126 3242 el
1148 3182 1295 3243 discessus
1311 3182 1380 3243 hinc
1395 3191 1425 3244 te
1442 3185 1498 3244 ruci

202 3287 358 3346 certiorem
381 3283 525 3353 iacerem,
549 3285 743 3345 adveneram?

133 3406 191 3456 eos.
265 3405 438 3449 surmus.
476 3387 570 3459 Quem
592 3388 660 3467 quia
683 3385 864 3470 familiariter
885 3387 998 3456 audiri,
1029 3387 1072 3447 las
1101 3392 1145 3444 est
1174 3392 1202 3446 te
1232 3403 1348 3464 quoque
1373 3386 1498 3446 vicissim

200 3488 303 3551 audire
324 3506 381 3549 me.
479 3477 484 3489 '
703 3557 704 3562 γ
1508 3499 1531 3539 ao

263 3610 415 3652 uouraon.
452 3591 562 3652 Audire
584 3590 682 3651 adhuc
704 3609 792 3669 quem
815 3596 847 3651 tu
870 3596 913 3650 tot
935 3590 1032 3652 verbis
1055 3589 1192 3650 obtudisti
1222 3589 1271 3649 diu
1294 3588 1371 3648 iam?
1399 3595 1501 3649 tamen

200 3694 225 3752 si
247 3692 403 3771 aliquando
426 3693 514 3753 linem
537 3693 644 3761 lacias;
669 3711 836 3772 quanquam
860 3711 964 3752 vereor
988 3693 1089 3762 etiam,
1113 3710 1149 3752 ne
1173 3692 1222 3770 qui
1238 3691 1405 3751 Romanum
1422 3690 1500 3751 l’ou·

200 3794 307 3855 tiliceni
331 3793 420 3854 iacias
443 3795 575 3874 inopem,
611 3813 658 3855 ine
687 3813 805 3874 quoque
834 3793 1074 3873 persuasionibus
1102 3793 1264 3854 istiusmodi
1288 3793 1344 3853 tuis
1366 3792 1405 3853 ad
1429 3811 1502 3872 pau-

201 3902 345 3975 pertatem
369 3895 525 3975 aliquamlo
548 3895 674 3973 redigas.

132 4020 191 4072 osa.
264 4017 437 4059 nvrunnvs
475 4000 499 4059 Α
528 4017 575 4059 me
603 3999 721 4076 quidem
751 4016 809 4058 uon
838 4001 896 4060 eris
923 4007 954 4059 tu
983 4016 1111 4078 pauper,
1145 4015 1234 4075 quem
1263 4014 1317 4075 ego
1341 3994 1534 4058 virtutibusas

201 4097 383 4176 locupletare
406 4118 523 4179 quoque
545 4102 706 4179 proposui:
740 4119 836 4179 neque
864 4099 945 4161 illurn
973 4101 1090 4178 inopem
1122 4098 1237 4160 reddidi
1268 4103 1318 4157 aut
1347 4105 1502 4175 egentem:

200 4196 348 4286 fflflglpffissj
371 4190 378 4261 Ι
402 4201 481 4280 quod
505 4209 537 4262 ut
558 4200 717 4278 intelligas,
753 4203 803 4281 qui
825 4205 917 4282 possit
939 4203 1024 4279 inops
1047 4200 1103 4261 dici
1126 4206 1176 4260 aut
1198 4216 1324 4275 egenus,
1360 4199 1383 4258 si
1408 4200 1504 4262 exiis

201 4319 267 4380 quae
290 4319 344 4380 ego
368 4320 474 4363 moneo
498 4302 605 4363 lormct
626 4321 674 4371 se,
698 4323 764 4365 curn
788 4311 867 4365 totus
889 4306 919 4364 in
935 4303 1050 4364 Christo
1067 4303 1183 4363 iuturus
1198 4308 1269 4360 tuuc
1284 4302 1334 4369 sit,
1359 4302 1410 4379 qni
1426 4319 1503 4362 uun-

203 4421 292 4482 quam
313 4420 418 4481 passus
441 4411 485 4465 est
507 4422 595 4482 egere
617 4406 703 4465 suos?
733 4424 768 4465 an
799 4423 857 4465 non
881 4406 985 4466 audisti
1005 4423 1072 4464 eurn
1096 4404 1146 4482 qui
1168 4402 1237 4463 dicit
1266 4402 1378 4463 ‘lunior
1408 4403 1449 4464 lui
1472 4410 1503 4465 et

202 4505 301 4574 senui,
326 4510 436 4565 elnon
459 4506 517 4567 vidi
539 4506 648 4567 iustum
672 4507 860 4577 derelictum,
884 4526 938 4567 nec
961 4524 1062 4567 semen
1085 4507 1147 4566 eins
1170 4521 1306 4584 querens
1328 4505 1463 4582 pancm'?
1510 4516 1536 4557 aa

205 4621 406 4632 ------

253 4689 275 4722 ¹⁵
292 4687 448 4755 dopositum
461 4694 484 4739 1.
533 4689 554 4723 ¹⁸
572 4692 805 4744 irretianturedd.
853 4690 875 4724 ³²
894 4695 1032 4758 quanq31.
1085 4688 1500 4756 ιἫίἰοίῑ]Ρεειὶιιι.ΧΧΧΊῙΙἉΚ).
