3276 5414
432 408 495 458 1111.
566 425 705 461 roncini.
741 425 880 461 urntoovs
900 427 1085 466 serrasicca.
1105 413 1189 479 (laist)

710 579 816 641 llnltos
838 582 949 643 alterna
971 585 1101 645 revisens

433 679 514 740 Lusit
537 688 565 741 et
587 682 616 740 in
640 680 734 743 solido
757 701 876 744 rursum
899 685 1027 746 Fortuna
1052 686 1164 747 locavit.

223 800 376 842 sonuum.
415 781 451 841 Et
474 782 685 843 Demosthenes
707 803 795 862 quam
817 787 931 847 monuit
952 796 1033 848 recte
1055 787 1189 849 beatulos
1211 787 1292 859 illos,
1315 791 1341 849 si
1362 794 1456 852 moni·

160 881 271 941 tionem
293 884 474 961 acciperent,
497 883 622 945 feliciter
643 903 746 964 agere:
770 886 869 949 Simile
893 897 949 959 est,
973 891 1081 969 inquit,
1105 891 1131 951 ei
1154 892 1204 970 qui
1226 892 1366 970 optimam
1389 912 1455 973 pos·

135 982 237 1042 asidet
258 983 395 1054 domum,
419 1005 484 1063 (ριεε
505 986 542 1046 ad
565 1006 718 1066 vesperam
741 996 853 1050 tantum
876 990 972 1051 duret.

224 1106 396 1148 nrrrrsmrs.
434 1087 469 1146 Et
491 1086 531 1147 illi
554 1095 583 1148 te
605 1089 683 1169 apud
707 1090 828 1170 Scythas
851 1093 996 1171 sapientes
1019 1112 1106 1172 qoam
1130 1093 1205 1155 benc
1227 1103 1389 1166 noverunt,
1413 1096 1524 1158 lii-im.

160 1185 272 1247 bricam
302 1197 389 1266 stipite
412 1191 498 1249 etiam
521 1189 626 1251 alatam
650 1193 818 1270 pingentes,
842 1195 921 1272 quod
944 1196 1087 1256 contineri
1110 1215 1168 1257 non
1191 1198 1287 1276 possis
1309 1205 1338 1258 et
1360 1197 1456 1259 elaba-

159 1290 201 1348 ris
223 1297 388 1359 rnomento;
411 1308 578 1371 quanquam
600 1294 662 1354 siue
685 1293 810 1372 pedibus
832 1295 911 1374 qnod
935 1314 998 1357 osso
1021 1297 1158 1358 dixerunt
1180 1299 1266 1360 iidem
1282 1298 1331 1368 illi,
1355 1301 1385 1360 in
1401 1300 1458 1361 boc

159 1389 225 1450 falsi
252 1398 334 1461 sunt,
368 1393 460 1454 babes
489 1397 565 1455 enim
595 1403 628 1456 nt
654 1396 737 1456 video
766 1396 865 1475 pedes.
903 1398 954 1458 sed
977 1399 1024 1459 cui
1046 1399 1171 1460 insistis?
1204 1401 1318 1462 cuidam
1348 1404 1379 1463 ni
1406 1401 1458 1462 fal·

127 1490 207 1551 iolor
230 1492 336 1571 globo?

224 1617 377 1658 ronanam.
402 1598 500 1682 'Nunc
522 1600 641 1661 demum
663 1601 743 1661 vides
766 1601 841 1663 boel
1465 1614 1525 1664 §.aa

224 1720 398 1761 urrrsuvs.
436 1700 520 1761 Nunc
543 1701 672 1762 demum.

224 1821 376 1862 renovas.
415 1802 463 1863 Sic
485 1805 585 1864 statuit
608 1823 643 1865 ex
666 1806 787 1867 Grai-to
809 1805 990 1885 sapientibus
1013 1807 1140 1885 quidam.

223 1924 396 1965 serranus.
434 1904 566 1974 Memini,
594 1913 624 1966 at
651 1925 720 1967 roro
749 1906 841 1986 Apelli
864 1908 1012 1987 quomodo
1036 1910 1163 1969 venitin
1186 1916 1313 1969 mentem
1336 1916 1369 1969 ut
1390 1928 1458 1988 per·

126 2023 151 2062 n
159 2012 250 2082 petuo
272 2006 422 2066 sedentem
446 2014 473 2067 te
495 2008 648 2085 pingeret?

160 2176 363 2186 ——-—.

227 2275 238 2307 ¹
256 2261 352 2343 sonae]
372 2278 442 2329 sorio
460 2281 520 2330 ena
573 2277 583 2308 ³
601 2280 796 2330 samositanus
811 2280 857 2343 (aa
871 2297 927 2331 ωε.
941 2281 996 2344 ro.)
1011 2281 1102 2332 rosum
1122 2281 1455 2333 exatob.F10ril.cxll.

163 2359 201 2408 lt.
222 2377 318 2425 parum
342 2370 417 2413 recte
442 2364 626 2429 interpretata
650 2369 693 2414 est
710 2366 833 2415 Fortuna
851 2367 1016 2417 Huttenioa:
1039 2356 1110 2432 Ἐγώ
1134 2359 1177 2431 δέ,
1202 2355 1278 2426 ὅστις
1301 2355 1458 2431 ἅνθρωπος

159 2436 200 2495 dv
217 2437 365 2514 οἷνθροόπῳ
382 2440 473 2514 τύχην
491 2443 644 2514 προφέρει,
664 2448 808 2508 παντελῶς
826 2440 952 2518 οἷνόριον
969 2442 1105 2517 ἡγοῦμαι.
1124 2443 1160 2517 ἣν
1178 2442 1232 2515 γάρ
1251 2441 1314 2501 dcci
1327 2445 1456 2518 βέλτιστα

159 2526 297 2594 πράττειν
315 2532 437 2598 νομίζων
455 2530 504 2584 scd
522 2524 644 2599 α’ρίσιην
663 2529 738 2599 ἔχειν
757 2527 889 2599 οἰόμενος
908 2526 960 2586 oda
979 2528 1061 2586 οἶδεν
1080 2530 1107 2586 εἰ
1123 2528 1241 2600 τοιαύτη
1260 2528 1390 2600 διαμένει
1409 2528 1455 2601 μέ·

160 2631 206 2680 ιρι
224 2615 274 2682 τῆς
293 2607 428 2682 ἑσπέρας,
447 2617 506 2677 πῶς
525 2611 577 2685 χρὴ
597 2615 662 2683 περὶ
680 2612 786 2684 ταύτης
804 2613 897 2685 λέγειν
915 2609 934 2686 ἢ
952 2619 1010 2679 noir
1029 2611 1182 2682 ὀνειδίζειν
1200 2610 1301 2686 ἓνέρῳς
1320 2620 1456 2685 Equidem

160 2718 213 2766 ogo
232 2703 370 2767 quisquis,
395 2703 474 2754 borno
493 2720 553 2754 cum
572 2706 621 2766 sit,
645 2705 750 2755 homiui
774 2705 910 2755 fortunam
934 2707 1073 2766 obiectat,
1099 2707 1159 2755 siue
1183 2707 1292 2755 ratione
1317 2721 1378 2755 euni
1396 2720 1458 2755 esse

160 2786 239 2835 duco.
266 2801 329 2836 nam
349 2802 409 2836 cum
429 2788 475 2852 qiu
499 2788 660 2839 felicissime
686 2805 769 2855 agere
795 2791 980 2855 optimamque
1003 2806 1033 2840 se
1056 2789 1160 2840 babere
1184 2789 1345 2853 (fortunam)
1369 2794 1459 2855 putat,

159 2869 283 2919 incertus
301 2872 338 2920 sit
357 2887 391 2921 au
411 2871 476 2922 talis
494 2879 605 2922 maneat
623 2889 709 2939 usque
729 2874 764 2924 ad
783 2890 936 2939 vesperam,
958 2875 1003 2939 qui
1022 2875 1152 2923 convenit
1170 2874 1203 2923 de
1218 2890 1251 2924 ea
1264 2873 1350 2925 verba
1363 2874 1458 2924 facere

159 2953 296 3019 (gloriari)
309 2961 357 3004 ant
370 2956 534 3022 exprobrare
548 2956 647 3007 alteri?
687 2956 793 3023 ‘Wd
807 2958 850 3008 cf.
865 2959 944 3023 impr.
957 2958 1098 3008 Plutarch.
1112 2959 1146 3008 de
1161 2959 1271 3008 fortuna
1283 2959 1359 3009 Rom.
1366 2975 1392 3024 ρ.
1400 2957 1458 3008 ala.

158 3056 218 3104 sqq.
234 3039 286 3101 (ed.
300 3040 396 3090 Reisk.
410 3041 469 3090 Vll.
483 3058 509 3106 p.
523 3042 582 3091 254.
596 3043 665 3107 sqq.)
714 3041 735 3074 ¹⁰
747 3040 838 3107 globo]
854 3042 897 3092 Cf.
912 3058 995 3109 supra
1008 3044 1031 3105 §-
1048 3043 1087 3092 l'l.
1135 3044 1159 3104 ξ.
1173 3040 1226 3108 aa]
1239 3042 1459 3108 Aesticampiaui

159 3140 233 3174 vers.
248 3125 360 3175 Cebetis
374 3126 443 3188 (lud.
458 3126 586 3191 bibliogr.
600 3127 702 3189 n.111.)
715 3144 779 3193 pag.
793 3126 866 3191 Bijb:
887 3129 955 3190 „sed
968 3128 1066 3178 mulier
1079 3127 1128 3177 illa
1141 3142 1192 3192 que
1206 3143 1269 3177 nam
1283 3133 1332 3180 cst.
1365 3130 1460 3192 quart

159 3225 230 3259 ceca
249 3215 276 3259 et
294 3211 393 3260 insana
412 3211 529 3275 quedam
547 3212 655 3262 videtur
669 3220 697 3262 et
715 3213 820 3263 insistit
842 3229 924 3278 super
941 3196 1043 3278 lapide
1054 3213 1169 3277 quodam
1189 3212 1318 3262 rotundo:
1337 3213 1459 3262 Vocatur

159 3295 250 3358 inquit
268 3294 392 3345 fortuna:
417 3300 459 3345 est
483 3303 575 3346 autem
598 3313 652 3347 riou
671 3297 757 3346 solum
777 3313 853 3348 coca.
890 3297 938 3346 sed
958 3305 985 3347 et
1004 3298 1103 3347 insana
1122 3304 1149 3347 et
1168 3297 1258 3347 sarda.
1294 3297 1346 3348 bec
1365 3298 1458 3361 itaquo

159 3378 227 3443 quid
249 3381 340 3444 operis
364 3379 466 3430 babet?
490 3381 650 3430 obambulat
668 3398 837 3447 quocumque
857 3383 945 3447 inquit
964 3387 991 3430 et
1010 3382 1073 3432 aliis
1093 3383 1176 3447 cripit
1196 3381 1356 3431 facultates.
1395 3380 1459 3430 aliis

159 3463 246 3512 tradit
264 3465 300 3513 ab
317 3465 353 3513 iis
366 3465 483 3529 denique
502 3481 593 3516 rursus
612 3467 704 3516 aufert
722 3466 797 3516 ilico.
834 3483 885 3532 que
904 3464 1057 3518 tradiderat
1076 3471 1104 3516 et
1123 3467 1186 3516 aliis
1205 3466 1290 3539 tradit
1308 3471 1411 3515 temere
1431 3469 1459 3514 et

159 3550 366 3611 inconstanter,
384 3549 447 3599 ideo
461 3555 488 3599 et
506 3551 614 3615 signum
631 3551 702 3601 beno
721 3552 828 3602 iudicat
845 3557 972 3601 naturam
991 3551 1086 3616 ipsius.
1123 3550 1258 3616 quodnam
1277 3549 1328 3599 boc
1347 3551 1459 3613 inquam

160 3634 233 3697 ego?
251 3635 378 3698 quoniam
391 3650 472 3700 super
484 3634 576 3701 lapide
589 3636 705 3686 rotundo
724 3636 837 3687 insistit.
873 3641 930 3685 tuni
949 3636 1012 3700 quid
1030 3635 1082 3686 boc
1101 3634 1258 3702 siguificat?
1278 3634 1405 3698 quoniam
1418 3633 1458 3681 in·

159 3723 266 3767 certum
280 3723 308 3767 et
320 3718 450 3769 instabile
464 3725 506 3769 est
519 3721 578 3770 eius
591 3720 699 3770 donum.
736 3720 1004 3770 Calamitatesauim
1018 3736 1125 3785 magne.
1158 3717 1458 3784 acasperefiuntcum

159 3804 297 3868 quispiam
317 3802 343 3852 ei
362 3803 519 3854 crediderit.
557 3805 651 3856 Turba
664 3821 729 3856 vero
743 3805 829 3855 multa
841 3805 891 3854 lieo
911 3820 971 3854 cum
990 3805 1172 3855 circumstans
1191 3802 1256 3868 quid
1273 3802 1341 3852 vult.
1373 3801 1458 3865 etqui

160 3903 226 3937 nam
243 3890 397 3938 vocantur?
418 3894 553 3939 vocantur
576 3889 604 3938 bi
622 3890 730 3954 quidem
750 3890 906 3940 inconsulti.
937 3891 1008 3953 petit
1027 3895 1118 3939 autem
1137 3887 1320 3951 unusquisque
1339 3887 1459 3951 ipsorum

161 3987 216 4038 que
235 3977 386 4022 consumat.
419 3974 551 4037 quomodo
569 3974 653 4039 igitur
671 3989 725 4024 nou
744 3974 827 4025 simili
846 3980 909 4025 suut
928 3980 1052 4041 aspectu.
1089 3972 1138 4024 sed
1154 3971 1184 4021 bi
1203 3971 1312 4037 quidem
1330 3970 1459 4021 videntur

159 4057 290 4121 gaudere.
327 4058 440 4108 bivero
459 4059 604 4108 tristantur
622 4059 743 4109 extensis
761 4059 905 4108 manibus?
932 4059 986 4122 eri
1004 4059 1132 4109 'videntur
1149 4057 1238 4121 inquit
1250 4054 1371 4121 gaudere
1385 4059 1412 4103 et
1424 4055 1459 4103 ri-

159 4141 227 4191 dere
246 4157 279 4191 ex
297 4143 365 4207 ipsis
384 4143 430 4206 qui
449 4144 611 4208 acciperunt
630 4141 686 4209 [aie]
707 4144 810 4208 aliquid
829 4159 846 4192 a
864 4143 973 4192 fortuna
991 4148 1067 4204 sunt,
1086 4142 1116 4191 hi
1135 4157 1199 4192 vero
1219 4145 1247 4190 et
1259 4139 1360 4189 bonam
1372 4140 1458 4189 fortu-

159 4241 225 4275 nam
243 4228 332 4292 ipsam
350 4232 460 4276 vocant.
498 4228 544 4292 qui
563 4231 655 4278 autem
672 4228 801 4278 videntur
819 4228 884 4277 flere
904 4233 1040 4278 etmanus
1053 4225 1200 4278 extendere
1213 4225 1243 4274 hi
1256 4228 1320 4274 aunt
1332 4239 1349 4273 a
1362 4222 1459 4288 quibus

161 4310 278 4360 abstulit
296 4326 347 4375 que
366 4311 443 4361 dedit
461 4312 535 4377 prius
552 4312 628 4377 ipsis.
652 4312 681 4361 bi
700 4316 792 4363 autem
810 4328 902 4363 rursus
920 4312 1023 4362 malam
1041 4312 1179 4363 fortunam
1197 4311 1287 4376 ipsam
1306 4307 1458 4375 appellant.

161 4396 222 4458 Que
242 4395 326 4460 igitur
344 4400 472 4460 suntque
486 4397 534 4446 dat
553 4397 601 4447 eis.
634 4398 741 4462 quando
761 4398 870 4462 quidem
889 4398 929 4448 sic
946 4397 975 4447 bi
995 4396 1104 4462 quidem
1122 4395 1248 4460 acceptis
1265 4394 1399 4456 letantur,
1418 4392 1459 4442 bii

159 4496 226 4531 vero
240 4480 350 4530 amissis
368 4480 488 4530 deflent?
506 4497 541 4531 ea
560 4482 648 4546 iuquit
667 4498 717 4546 que
733 4483 853 4531 auiultis
866 4482 1020 4532 hominibus
1032 4482 1160 4531 ridentur
1173 4494 1233 4529 esse
1245 4478 1319 4528 bona
1339 4464 1368 4542 [ἆ
1380 4468 1459 4542 παρὰ

159 4566 222 4623 τοῖς
239 4565 357 4623 πολλοῖς
374 4555 543 4629 ἀνθρώποις
562 4563 647 4616 δοκεῖ
663 4559 739 4616 εἶναι
757 4557 880 4631 ἀγαθά]
916 4566 959 4615 Εε
978 4581 1042 4630 ergo
1062 4580 1114 4630 quo
1133 4569 1207 4614 siunt:
1232 4563 1330 4613 diuitis
1349 4561 1460 4612 scilicet

160 4658 189 4699 et
207 4650 298 4714 gloria
316 4654 344 4698 et
362 4649 495 4701 nobilitas
514 4649 611 4700 attilii
630 4658 657 4699 et
676 4650 838 4715 tyrannides
863 4655 891 4699 et
909 4666 996 4715 regna
1015 4655 1043 4700 et
1062 4649 1119 4698 alia
1138 4660 1300 4714 quecunque
1323 4644 1368 4694 his
1385 4646 1460 4696 simi·

159 4736 209 4785 lia.
244 4734 306 4784 Hac
328 4735 415 4800 igitur
433 4735 565 4800 quomodo
583 4751 637 4785 uon
655 4740 719 4786 sunt
736 4735 827 4786 bona?
845 4735 888 4784 1)ε
906 4732 949 4785 bis
967 4734 1057 4800 iuquit
1076 4732 1148 4783 alias
1166 4731 1381 4797 disputabimus:
1395 4733 1442 4780 ...⁸³

219 4819 351 4870 Hareni
370 4819 438 4870 Osa.
458 4834 522 4871 ror..
535 4820 601 4870 1111.
866 4814 872 4826 ’
1220 4818 1238 4876 7
