3276 5414
251 350 300 422 88
521 363 584 414 1111.
655 378 792 412 norrun.
828 376 969 413 nunoors
988 377 1173 413 orannim.
1192 360 1276 427 (tart.)

315 553 468 596 ronrvrn.
507 533 616 593 [terram
649 539 789 611 exprertus
816 550 863 601 es,
898 531 975 592 hauri
1004 531 1135 600 intioior,
1169 533 1266 593 ritanu
1312 532 1364 593 sad
1395 533 1427 592 in
1454 529 1551 592 aulam

252 654 343 716 quare
367 633 566 695 trausterobas
587 653 603 693 a
626 634 723 693 studio
745 640 773 693 te
796 634 998 712 potissimum?

314 756 487 797 ur'nrrxrs.
526 735 610 804 Quod
634 734 768 797 ridebam
791 733 875 795 tacite
898 735 938 795 ior
954 734 1133 814 locupletari
1156 735 1293 815 aeqrrates.

314 857 467 906 roorvua.
506 836 571 897 Tibi
595 856 663 896 rem
686 855 778 913 quare
801 854 859 896 non
882 836 959 897 idern
982 838 1121 913 contigit?

316 959 488 999 inuri-urvo.
527 939 599 1009 Ouia
623 947 753 997 autnon
777 937 877 997 serunt
898 939 940 998 tui
963 956 1063 1007 casus,
1093 945 1143 998 aut
1165 941 1194 999 iu
1217 937 1265 998 uu
1287 957 1347 999 noo
1370 939 1567 1000 destinaturus

252 1047 297 1101 est
318 1040 375 1100 hoc
398 1040 587 1118 prouidentia.

317 1162 469 1202 rirnrrxa.
508 1141 565 1201 Aut
587 1159 657 1201 reru
680 1141 814 1201 moribus
837 1143 910 1210 tuis,
934 1142 1002 1218 qnia
1027 1159 1085 1201 nou
1109 1142 1246 1202 convenit
1268 1142 1332 1201 ritae
1353 1142 1469 1217 genus?

185 1257 245 1308 §.su
318 1263 490 1305 strennuus.
530 1242 580 1302 Vel
608 1244 703 1321 ipsum
734 1243 790 1302 troc
818 1244 847 1302 iu
877 1260 980 1303 caussa
1009 1252 1068 1311 est,
1097 1245 1192 1303 sentio
1221 1244 1297 1304 enirn
1321 1244 1456 1328 ineptum
1480 1241 1551 1302 aritio

254 1363 315 1413 me,
339 1363 407 1405 eum
430 1346 497 1423 quia
520 1344 698 1405 artutandrun
721 1343 760 1404 ibi
783 1343 870 1404 simut
892 1343 1045 1411 omnibus,
1075 1351 1137 1404 turn
1167 1363 1236 1405 rero
1259 1343 1327 1422 quia
1350 1345 1552 1405 inconstantes

254 1452 322 1505 suot
344 1447 509 1524 principum
533 1446 657 1506 furores.
1562 1461 1582 1501 ιι

317 1568 469 1609 ruamur.
508 1549 582 1618 Quid
605 1549 628 1608 si
651 1547 719 1607 aiibi
742 1548 904 1627 experiaris
925 1566 1019 1608 anuos
1040 1549 1147 1609 iterum
1169 1548 1262 1609 duos?

320 1670 492 1711 nrrrnm's
531 1650 606 1722 Quid
642 1653 666 1709 si
701 1657 814 1709 aetatem
846 1650 1026 1728 experiendo
1055 1649 1228 1710 absumanr‘?
1261 1651 1318 1710 iam
1348 1648 1453 1710 deberi
1483 1656 1553 1727 puto

256 1751 327 1811 milri
352 1759 382 1810 ut
405 1753 441 1811 sit
465 1752 542 1812 unde
565 1753 666 1810 risam.

319 1874 471 1916 rourum.
510 1855 545 1913 tt
568 1871 632 1913 esse
654 1853 756 1920 audio,
780 1854 803 1912 si
825 1872 953 1932 pauper,
976 1860 1009 1913 ut
1031 1852 1183 1913 clarissimi
1205 1851 1306 1921 multi,
1331 1853 1428 1912 rivere
1450 1851 1530 1912 retis.

319 1976 493 2017 rrrrrnrrs.
532 1954 637 2024 t'eiim,
667 1957 691 2014 si
720 1954 776 2015 hou
806 1973 924 2024 careas,
955 1955 1024 2025 dea,
1055 1956 1159 2033 nequis
1186 1953 1343 2032 aliquando
1366 1951 1462 2013 maius
1485 1960 1583 2013 tuusu

258 2075 380 2117 rastisa
404 2063 577 2136 paupertate
600 2058 654 2116 hae
677 2057 713 2117 ad
737 2063 899 2117 extremam
920 2075 1015 2134 usupra
1038 2057 1254 2117 uremlioitateru
1277 2056 1416 2135 deponat

188 2173 246 2223 §.aa
321 2180 473 2220 ronrrrn.
512 2159 576 2219 Nou
600 2165 643 2219 est
665 2177 763 2219 rrreuur
787 2177 890 2220 carere
912 2137 962 2220 aut
978 2166 1091 2219 eertum
1107 2159 1178 2219 itare
1193 2157 1316 2236 ntiquid;
1341 2164 1371 2216 tu
1389 2175 1459 2217 vero
1476 2157 1553 2236 quod

256 2279 369 2338 pauper
392 2261 512 2329 irretiris,
536 2279 573 2320 ne
595 2261 619 2319 si
642 2261 803 2320 minuantur
826 2261 930 2320 (toruus
952 2267 1002 2320 aut
1023 2260 1210 2321 devastentur
1233 2260 1296 2335 agri
1312 2257 1355 2319 rol
1371 2257 1471 2338 aliqua
1486 2259 1554 2320 sub·

256 2363 297 2421 ito
326 2378 359 2419 er
391 2361 552 2421 calamitate
574 2360 630 2421 ittru
653 2361 917 2440 ‹piraututaeeuuque
940 2361 1091 2423 facultates
1113 2364 1136 2422 si
1160 2367 1299 2439 pereant,
1328 2360 1484 2421 mendicus
1506 2362 1553 2429 sis,

257 2464 375 2539 iunioras
399 2463 453 2522 troc
478 2464 546 2542 ipsis
569 2463 885 2524 ‹tirititrus'corrrmuue
908 2470 1005 2524 terrum
1029 2482 1093 2524 esse
1116 2462 1296 2542 periurium,
1324 2463 1380 2522 nisi
1409 2479 1469 2522 uon
1500 2480 1584 2541 po-rr

256 2571 313 2625 test
335 2565 399 2624 sueri
422 2571 453 2624 ut
475 2567 570 2625 onmia
595 2565 817 2626 Fueetrerorum
840 2584 899 2625 uno
922 2573 1045 2645 pereant
1066 2565 1123 2625 die.

319 2687 491 2727 nurrnurs.
529 2666 607 2728 Fieri
629 2685 715 2746 posse
738 2669 799 2734 aio,
824 2674 853 2727 et
875 2667 977 2729 cultim
1001 2668 1069 2728 item
1093 2674 1126 2727 ut
1146 2674 1227 2736 rorat,
1250 2665 1302 2727 setl
1326 2672 1488 2745 utrumque
1502 2666 1556 2726 ho·

259 2786 325 2829 rum
348 2786 435 2829 rreruo
459 2767 543 2830 facile
566 2771 677 2830 metuit.

189 2889 249 2939 uss.
322 2892 475 2932 ronrvun.
514 2871 556 2932 Do
578 2868 755 2941 Fuceheris,
785 2877 836 2932 aut
862 2872 954 2950 siquis
975 2873 1013 2932 sit
1034 2872 1104 2950 ipsis
1126 2869 1223 2931 adlruo
1247 2869 1408 2929 Puer-horis
1432 2867 1555 2948 opulen-

258 2972 328 3041 tior,
353 2990 439 3031 nemu
463 2974 582 3032 ruetnit‘?
605 2980 656 3032 aiut
677 2972 764 3033 Troia
788 2992 846 3033 non
870 2974 974 3051 periit?
1563 2984 1587 3023 ²⁵

321 3095 494 3135 rrrnrnurs.
533 3074 683 3152 Siquidem
708 3076 778 3145 tuit,
802 3076 897 3153 periit.

322 3197 474 3238 ronrvua.
514 3176 550 3237 Et
572 3177 712 3237 infinitam
736 3176 1020 3253 Carthaginiensium
1043 3176 1204 3255 potentiani
1229 3193 1288 3235 noo
1312 3181 1484 3235 everterunt
1499 3174 1556 3236 Ro·

258 3278 354 3336 orarii?

321 3399 493 3440 uvrrnuvu.
532 3379 683 3441 Funditus.

190 3498 247 3549 §.uu
322 3502 474 3542 rourum.
513 3482 548 3542 Et
570 3481 735 3544 Romanum
757 3483 912 3562 imperium
936 3499 994 3541 non
1017 3481 1143 3542 interiit?
1174 3520 1180 3527 -
1565 3492 1590 3533 rt

322 3603 494 3645 nvrrnurs.
533 3584 661 3654 interiit,
693 3586 746 3645 nisi
778 3585 856 3664 ιμιοι]
886 3586 972 3644 inane
1002 3601 1094 3662 porres
1124 3584 1288 3658 Germanos
1318 3581 1395 3642 iltius
1426 3589 1559 3643 remanet

259 3701 377 3744 nornen.
690 3764 693 3769 Ι

323 3807 476 3849 ιιιιιιιικι.
516 3787 670 3868 Dionysius
693 3807 762 3849 reru
786 3808 821 3849 ex
845 3795 968 3868 tpauno
991 3788 1051 3847 ludi
1075 3787 1170 3847 tactos
1193 3803 1252 3845 non
1275 3792 1326 3845 est.
1343 3787 1504 3862 irragister?

322 3909 494 3951 urrrrmrs.
533 3891 654 3960 tracus,
679 3897 711 3949 ut
734 3890 836 3951 fertur.

189 4005 249 4055 §.ru
324 4011 475 4054 ronrvua.
513 3992 549 4052 Et
578 4010 681 4069 rrragoa
711 3992 740 4051 iu
768 3992 833 4052 navi
863 4009 923 4051 non
950 3991 1072 4069 perinde
1094 3991 1280 4068 naufragium
1303 3996 1441 4051 metrurut
1463 3997 1592 4050 nautea

261 4110 295 4151 au
318 4072 406 4171 parra
430 4095 459 4153 iu
482 4094 610 4172 scapha?

321 4214 494 4255 irrurnurs.
531 4194 561 4253 Si
585 4196 613 4254 iu
638 4195 749 4271 rrragnis
772 4214 804 4255 ea
829 4195 940 4255 teratur
962 4188 1115 4263 tieret-ibus,
1138 4192 1271 4273 periodo.

322 4316 475 4357 rorrnvun.
514 4297 599 4366 Orroei
623 4278 788 4357 necessario
811 4298 875 4356 tieri
897 4302 1028 4374 oportet,
1052 4313 1148 4374 ireque
1171 4295 1248 4355 euim
1272 4300 1322 4354 aut
1344 4292 1402 4353 alto
1425 4295 1560 4355 conuuit·

263 4397 296 4458 tit
317 4414 349 4457 se
371 4397 421 4475 qui
443 4416 532 4476 parra
556 4399 721 4475 negotiatur
744 4397 863 4476 cymba,
888 4405 937 4458 aut
952 4399 1001 4475 qui
1018 4396 1152 4456 triremos
1167 4394 1230 4456 ittas
1246 4403 1275 4457 et
1290 4396 1442 4456 onerarias
1457 4402 1557 4475 agunt,

256 4534 459 4543 ——-—-———-

324 4614 346 4649 ¹⁰
365 4618 530 4683 principium
544 4621 567 4667 1.
581 4621 606 4666 2.
672 4616 693 4649 θ’
711 4614 874 4682 Dionysius]
895 4616 937 4666 cf.
952 4616 1117 4666 Phaloriam.
1130 4617 1153 4677 5.
1168 4616 1210 4665 27.
1225 4631 1308 4681 supra
1325 4632 1351 4681 p.
1366 4614 1408 4664 23.
1467 4615 1489 4647 θ’
1509 4620 1557 4666 out

261 4698 316 4766 qui]
336 4702 423 4751 ,ilutim
442 4718 493 4751 uon
513 4702 557 4767 qui
576 4703 666 4752 omisso
686 4707 733 4751 out
752 4709 811 4751 onte
831 4701 896 4751 ulto.

779 4968 790 4999 Ι
