3330 5408
284 385 356 452 534
613 451 622 465 Ι
726 408 843 441 ῺΙΔΙ.001
863 406 1135 440 rsavnotavrrttatct.

346 568 475 624 Eccius.
513 565 582 632 Quin
606 566 692 638 prisca
717 574 744 619 et
768 564 818 619 iam
841 564 945 637 pridem
969 564 1129 625 inveterata,
1154 571 1183 618 tu
1206 581 1270 618 vcro
1293 564 1453 620 secretioris
1475 563 1584 620 theolo-

241 714 244 719 ,
283 656 349 728 gia,
372 661 403 708 ut
424 651 516 712 video.
540 641 650 722 μύστης
674 649 742 703 baml
765 666 808 711 cs.
831 649 943 704 neerlum
967 648 1090 704 arebanis
1106 648 1242 708 initiatus.
1266 649 1312 722 qui
1329 650 1425 705 tritura
1441 648 1496 706 lice
1512 638 1584 722 σύμ·

283 737 371 813 βολον
395 737 521 808 ignorare
544 734 657 812 pulcris,
677 720 751 787 <itta
767 732 887 797 λαλεῖτε,
903 722 976 786 tilla
992 726 1023 788 δὲ
1038 733 1157 790 ποιεῖτε.

349 821 510 877 duditer.
548 819 616 873 l'rrc
639 819 750 889 ignoro,
773 835 822 874 uec
845 819 866 871 si
890 818 995 880 seirent,
1020 818 1058 872 uti
1082 816 1170 873 aelim.

215 926 273 974 §.oo
347 905 478 963 Eecius.
516 904 573 960 Sed
592 903 617 958 in
641 922 673 958 eo
696 920 805 976 quoque
828 903 958 957 llartinus
981 902 1096 958 iuiurius
1119 911 1175 964 est,
1198 902 1271 975 «parad
1296 903 1430 976 imperitae
1458 912 1488 958 et
1518 922 1602 977 pro-a

282 994 378 1067 pbamc
402 989 568 1045 multitudini
592 986 820 1060 indulgentiarum
844 1005 938 1042 areana
967 996 995 1041 ct
1023 987 1151 1060 inpeteria
1181 1005 1241 1041 vere
1268 987 1387 1044 celanda
1412 989 1533 1061 prodere
1555 998 1588 1045 et·

284 1078 449 1149 imposturas
472 1072 609 1147 appellare
632 1072 722 1127 audet.
767 1072 998 1129 anuon·vidcmus
1022 1071 1140 1145 incipere
1163 1071 1254 1145 laycos
1277 1073 1383 1129 tandem
1407 1091 1456 1128 sua
1480 1083 1582 1146 sponte

283 1178 393 1234 sapcrc,
416 1170 445 1214 ct
466 1159 572 1213 acutius
595 1174 674 1229 quam
698 1156 818 1226 Magistri
840 1156 933 1211 Nostri
956 1155 1067 1216 rclleut,
1090 1161 1219 1212 eernerel

347 1244 503 1298 lluditer.
540 1242 627 1296 Vestri
650 1241 743 1314 eulpa,
768 1242 895 1314 quandam
919 1241 988 1296 baud
1013 1241 1097 1314 probe
1120 1241 1262 1297 simulatis.

347 1329 479 1384 Eceius.
518 1326 587 1394 lluid
615 1327 673 1381 lure
702 1326 733 1381 ad
762 1325 927 1385 llbomlunn,
957 1342 1016 1381 cum
1047 1326 1169 1398 ipsorum
1196 1326 1282 1381 sintus
1311 1326 1428 1387 iudices,
1459 1346 1492 1383 ae
1521 1327 1612 1386 carlito

282 1412 423 1470 claudendi
452 1419 479 1466 ct
507 1411 644 1467 reserandi
673 1419 836 1484 potestatem
864 1410 1024 1471 babeamus,
1053 1411 1121 1484 ipsis
1150 1428 1212 1467 vero
1242 1411 1360 1467 iudicare
1388 1411 1460 1467 baud
1485 1411 1581 1467 liceat?

285 1498 364 1554 verba
385 1497 485 1570 igitur,
509 1513 561 1550 nim
586 1512 668 1568 opera
691 1504 785 1551 clastra
806 1496 971 1550 intueantur.

349 1582 504 1636 Auditor.
543 1580 596 1634 b'ec
619 1579 707 1634 uerbis
731 1580 850 1641 tandem,
875 1597 923 1636 nce
946 1579 1076 1653 operibus
1099 1580 1176 1635 tidem
1198 1579 1374 1635 adbibelmnt.

216 1684 276 1733 §.at
351 1667 480 1721 Eccius.
518 1664 569 1719 Sed
592 1673 619 1719 et
641 1664 668 1718 iu
691 1664 743 1719 boe
764 1663 862 1737 capital
887 1664 963 1725 lacit,
986 1665 1058 1737 quod
1082 1665 1271 1738 purgatorium
1293 1674 1387 1737 negat.
1412 1682 1467 1720 non
1491 1665 1580 1722 salunt

285 1753 311 1807 in
335 1752 430 1806 sunnni
446 1750 584 1806 pontilicis
607 1757 635 1804 ct
658 1749 839 1804 llomanorum
862 1765 1006 1823 procerum
1029 1750 1235 1812 detrimentum,
1260 1750 1306 1805 scd
1322 1758 1485 1806 cunctorum
1504 1752 1613 1810 theo-ts

288 1836 414 1910 legeram
438 1834 590 1908 pernitiem.

349 1920 506 1975 Auditur.
544 1918 709 1991 dormirem,
733 1935 794 1972 narrt
818 1917 960 1989 ignorabat
982 1914 1096 1974 adunam
1118 1936 1179 1975 esse
1202 1918 1396 1980 itumertalem‚
1421 1920 1581 1993 priusquam

285 2005 322 2059 ita
345 2006 371 2059 in
394 2011 567 2060 sacrosancto
592 2003 723 2057 liaterano
746 2001 866 2057 llorrrilio
888 2002 1026 2058 ‹let-retum
1056 2013 1143 2066 essem
1172 2021 1243 2060 utine
1271 2021 1335 2060 rere
1362 2004 1434 2061 baud
1463 2005 1582 2079 amplius

284 2107 344 2145 eum
369 2087 530 2150 Aristotele,
554 2088 682 2143 Cicerone
705 2095 733 2143 et
749 2086 837 2142 l'linio
859 2086 970 2142 errabit.

350 2173 483 2229 Eecius.
522 2172 548 2227 Si
573 2171 711 2245 sapienter
733 2179 857 2244 saperet,
880 2172 931 2227 iam
955 2172 1057 2244 pridem
1080 2192 1096 2226 a
1118 2173 1265 2246 pertinacia
1289 2191 1336 2228 sna
1359 2173 1530 2236 destitisset.
1553 2186 1612 2235 ets

285 2258 320 2313 eb
343 2258 512 2313 eornmodum
536 2255 671 2329 publicum
696 2255 836 2311 nobiscum
859 2257 881 2311 si
906 2273 959 2310 trau
982 2256 1097 2318 scutirc,
1121 2257 1214 2315 saltent
1238 2257 1366 2314 simulare
1388 2269 1536 2332 pergeret⁸⁴

218 2360 276 2407 tea.
353 2341 527 2419 Auditor„
548 2340 689 2413 lmprobus
718 2339 778 2402 ille,
808 2340 854 2413 qui
882 2341 1031 2397 animarum
1060 2340 1168 2402 saltem,
1197 2351 1225 2397 et
1253 2360 1306 2398 nou
1328 2344 1452 2416 pecuniae
1476 2343 1580 2400 lucrum

287 2426 425 2501 publicum
448 2425 583 2480 existimat
605 2424 784 2481 cornnrodum.
870 2496 876 2504 η

351 2510 482 2567 Eecius.
521 2510 572 2564 Sed
595 2527 645 2565 nee
667 2509 718 2565 boc
741 2509 880 2565 serendum
904 2519 959 2571 cst,
984 2510 1056 2583 quod
1081 2508 1261 2581 tbeolopicam
1286 2512 1431 2569 lectionem
1447 2514 1580 2571 lacessere

288 2595 440 2652 volentibus
462 2595 563 2650 lirasrni
588 2595 674 2649 instar
695 2595 791 2650 ducem
814 2595 936 2668 praebere
959 2595 1072 2651 videtur.
1588 2623 1610 2660 25

219 2687 276 2735 tea.
351 2680 510 2736 Auditor.
549 2679 600 2734 Sed
624 2678 746 2751 nunmrid
769 2677 894 2735 Erasmus
916 2688 944 2735 ct
965 2679 1096 2735 blartinus
1119 2678 1251 2752 Theologi
1274 2679 1412 2736 esistunt?

352 2765 482 2821 Eeeius.
521 2763 558 2818 lta
582 2764 664 2819 videri
689 2763 796 2825 volunt.
824 2782 884 2820 cunt
908 2763 945 2819 nil
969 2765 1057 2819 ntiuus
1085 2766 1154 2826 sint:
1183 2781 1271 2837 nequa
1297 2765 1384 2827 araim,
1414 2775 1445 2822 nt
1475 2767 1579 2841 reliqua

287 2858 447 2924 praetoremn
470 2848 592 2903 ecelesia
615 2847 730 2910 lumina,
760 2848 833 2904 Senti
861 2848 1028 2904 subtilitates
1056 2866 1144 2922 neque
1167 2849 1277 2904 Tlrcmae
1304 2848 1457 2907 soliditates
1480 2853 1580 2909 intelli·

286 2944 369 3007 gunt.
393 2942 422 2988 et
443 2941 473 2989 ut
496 2933 604 2989 interitu
627 2950 721 2988 corum
746 2933 926 3006 igriorautiarn
949 2933 1037 2989 celare
1059 2933 1172 2997 valeant,
1197 2933 1398 2991 ‘scholasticos'
1421 2954 1470 2992 cus
1485 2937 1580 2994 docto-

286 3037 331 3074 res
354 3017 506 3092 appellant,
537 3018 587 3091 ipsi
618 3036 680 3073 vcro
710 3017 845 3074 lmnetieis
869 3027 896 3072 ct
919 3018 1019 3073 draucis
1042 3036 1071 3075 ae
1095 3019 1206 3092 insuper
1227 3019 1318 3091 poetis
1340 3037 1452 3092 operam
1476 3022 1608 3096 impeta-ao

286 3105 351 3159 dcrc
374 3119 428 3159 uon
453 3101 630 3161 erubescunt.
654 3100 743 3175 qrrarlis
765 3113 808 3157 est
829 3102 974 3174 llrigeues,
998 3103 1216 3176 chrysostomus.
1239 3111 1268 3159 et
1282 3103 1474 3178 llicronytnus.
1513 3107 1578 3161 uibil

287 3189 384 3243 mirum
408 3186 492 3259 igitur
514 3187 536 3241 si
560 3186 668 3242 illerum
690 3186 813 3243 doctrina
836 3187 962 3243 aturribus
984 3187 1144 3244 maledicere
1165 3188 1325 3244 didicerunt.
1370 3214 1373 3219 ·

353 3368 363 3400 ²
381 3363 496 3434 μύστης,
516 3373 613 3433 turpata,
633 3368 770 3418 initiatus.
817 3366 849 3399 ²¹³
862 3362 955 3440 adplld
975 3369 1135 3432 symbolum.
1154 3370 1296 3420 seruantia
1313 3371 1443 3433 insignia.
1479 3361 1580 3422 ’ἄλλα

285 3457 308 3504 l.
322 3451 392 3518 aab]
413 3453 498 3503 ‘aliud
516 3455 617 3513 dieite,
637 3454 712 3503 alind
732 3454 827 3503 facite'
840 3455 940 3519 deaup.
955 3454 1016 3518 leb..
1031 3455 1091 3504 Non
1110 3454 1235 3504 faciebat
1253 3470 1313 3503 eum
1326 3454 1435 3504 Achille
1453 3446 1579 3520 ,ἐχθρὸς

284 3532 339 3604 γάρ
356 3553 405 3604 μοι
424 3541 518 3596 κεῖνος
535 3530 610 3603 ὁμῶς
621 3529 713 3587 Ἀίδαο
732 3526 913 3603 πύλῃσινὍς
931 3528 955 3603 χ’
973 3533 1070 3600 ἕτερον
1088 3533 1141 3603 ple
1158 3531 1252 3603 κεύθῃ
1270 3530 1314 3588 ἔνι
1331 3537 1446 3603 φρεσίν,
1464 3529 1536 3591 ἄλλο
1549 3534 1578 3591 dl

285 3622 360 3689 einp.
381 3623 461 3672 Iliad.
475 3624 523 3672 IX.
537 3622 595 3674 31⁸2.
611 3638 650 3687 sq.
716 3621 826 3673 λαλεῖτε
844 3631 869 3672 et
894 3614 1002 3674 ποιὲιτε
1021 3626 1044 3671 1.
1073 3645 1086 3665 o
1114 3622 1231 3672 ⁷laicos
1250 3627 1274 3672 4.
1342 3623 1467 3675 ’Vestri
1485 3642 1576 3677 οιιιιιιι.

285 3708 306 3740 ¹⁰
324 3708 396 3769 Quid
414 3707 474 3757 haec
494 3705 529 3756 ad
547 3706 715 3772 rbomhum'l]
735 3709 815 3757 Hauc
834 3707 1009 3758 multiformia
1027 3707 1174 3758 locutionis
1193 3707 1279 3770 (Nihil
1294 3708 1328 3757 ad
1341 3725 1413 3771 rem,
1435 3710 1470 3759 ad
1484 3713 1576 3773 verba,

284 3793 318 3842 ad
337 3807 462 3852 carmen,
482 3792 518 3840 ad
535 3792 689 3851 Bacchum,
710 3792 745 3840 ud
757 3793 931 3851 Mercurium,
950 3791 1012 3855 ete.)
1033 3792 1147 3842 forratam
1166 3792 1239 3856 apud
1251 3793 1576 3864 paroemiographospron

284 3881 424 3926 enotalam
444 3876 636 3941 explicandam
661 3892 722 3925 essa
741 3881 806 3940 puto
826 3893 859 3925 cx
872 3877 990 3925 Luciani
1003 3876 1119 3926 Melissa
1137 3883 1165 3926 at
1178 3876 1316 3926 llataebide
1336 3876 1454 3942 (dialog.
1468 3886 1575 3929 naeretr.

284 3962 307 4010 d.
324 3963 365 4012 cd.
381 3961 469 4010 Reita.
483 3961 530 4010 IV.
544 3960 632 4023 288),
658 3961 705 4009 ubi
726 3960 755 4009 in
779 3962 989 4011 incantamenta
1007 3951 1037 4010 lu
1056 3960 1107 4010 τοῦ
1125 3955 1234 4011 κόλπου
1251 3960 1452 4025 προκομίσασα
1471 3956 1577 4029 §oppda

284 4037 447 4110 ἐπιστρέφει
467 4036 584 4111 ἐπῳδήν
603 4059 667 4093 τινα
685 4036 820 4108 λέγουσα,
841 4036 979 4109 ἐπιτρόχῳ
997 4043 1031 4111 τῇ
1046 4038 1172 4111 γλώσσῃ,
1195 4037 1356 4110 βαρβαρικά
1375 4043 1425 4097 aad
1445 4045 1575 4113 φριιοὸδτι

282 4119 417 4195 ὀνόματα.
494 4127 514 4160 ¹²
533 4128 638 4192 capital
657 4125 687 4192 d]
707 4127 992 4187 placamentum
1070 4128 1304 4193 16ροτοίοίοιοσ.
1369 4129 1390 4162 ¹⁸
1408 4132 1471 4181 Lat.
1487 4130 1574 4196 eone]

282 4215 314 4262 V.
330 4212 438 4263 alata.
453 4211 948 4263 cellarduineonettt.cottam.
984 4213 1155 4277 ”pertinatia
1167 4218 1192 4263 2.
1201 4218 1226 4264 3.
1262 4210 1453 4266 ”aldelmad
1464 4218 1573 4267 Pircklr.

283 4313 327 4362 ep.
341 4298 367 4346 d.
381 4297 423 4347 ¹25.
437 4296 498 4346 Oct.
517 4295 589 4347 1517.
609 4296 774 4360 (Heumann.
787 4297 847 4348 doe.
862 4297 902 4348 tic
917 4315 941 4363 p.
959 4296 1029 4361 163.)
1048 4298 1132 4360 „dum
1150 4298 1224 4347 inter
1242 4295 1406 4361 loquendum
1431 4315 1522 4351 sermo
1543 4301 1575 4350 de

282 4387 375 4431 nostro
387 4382 512 4444 Erasmo,
532 4396 613 4446 quem
625 4383 683 4431 iure
696 4382 794 4432 merito
807 4397 936 4446 magnum
954 4383 1093 4449 appellas,
1113 4383 1214 4432 luisset
1231 4381 1353 4439 habitus,
1373 4384 1471 4434 aiebat
1489 4385 1573 4435 blate-

282 4470 358 4516 rator
376 4468 445 4516 iste:
469 4468 601 4516 Erasmus
624 4466 742 4515 nondum
761 4468 857 4531 attigit
876 4468 1025 4532 theologica
1043 4466 1293 4529 medullam3mam
1317 4483 1369 4533 ego
1393 4470 1499 4530 (verbis
1522 4470 1574 4519 auia
1653 4504 1655 4512 «

280 4548 356 4612 utar)
375 4565 447 4600 nttnc
459 4551 551 4601 scribo
563 4549 731 4615 theolegiam
744 4554 914 4616 negativam,
923 4553 1007 4617 prius
1021 4567 1159 4617 nunquam
1171 4553 1268 4613 visam,
1288 4567 1370 4617 quam
1383 4567 1445 4603 cum
1458 4554 1572 4611 edidero,

281 4632 367 4696 [quod
380 4634 458 4686 bravi
470 4635 663 4701 pollicebatur,
677 4650 707 4685 aa
720 4636 944 4700 forefacturum)
959 4643 1024 4687 tuuc
1036 4637 1162 4688 omnibus
1175 4636 1293 4702 patebit,
1307 4637 1436 4701 quotiens
1448 4652 1482 4688 aa
1495 4652 1572 4703 quan·

280 4721 337 4765 tum
350 4718 480 4768 Erasmus
500 4719 661 4770 erraveril.”
680 4733 831 4769 arenauno.
