3276 5414
534 1201 765 1251 DESPERATIO
784 1199 955 1251 LECTORI.

186 1307 253 1373 uitio
284 1307 381 1362 attinet
406 1306 508 1362 uostris
537 1306 645 1363 saeculis
673 1306 706 1361 de
727 1306 899 1380 Pythagorea
921 1306 1147 1379 llotempsychosi
1176 1306 1260 1362 multa
1286 1308 1394 1364 dicere?

101 1391 140 1445 En
160 1391 325 1464 Pythagorae
349 1391 478 1448 maiorem
501 1389 587 1446 multo
616 1390 788 1447 varietatem:
820 1390 930 1446 Euhium
958 1390 1002 1447 hic
1032 1391 1114 1446 hahes
1143 1391 1318 1454 mainachum,
1347 1394 1393 1466 qui

103 1475 290 1549 superioribus
313 1476 390 1531 ainnis
406 1475 534 1530 Bononiae
550 1492 657 1536 canem.
682 1475 791 1531 Viennae
807 1474 986 1548 vulpeculam.
1009 1475 1116 1549 Lypsiae
1132 1475 1259 1549 pardum,
1283 1476 1393 1533 llhomae

78 1560 211 1616 asininum
240 1562 372 1632 quenulam
402 1560 497 1615 eximie
525 1560 663 1633 praestitit.
709 1559 806 1616 Verum
836 1560 900 1633 quid
928 1560 1034 1615 taudem
1063 1577 1095 1615 es
1117 1561 1169 1616 hoc
1191 1561 1291 1616 Proteo
1314 1560 1393 1617 nohis

102 1644 262 1717 speramlum
286 1644 336 1705 sit,
360 1643 431 1699 hlius
455 1661 530 1699 meus
553 1644 744 1711 charissimus,
768 1662 848 1717 quem
871 1645 1007 1717 Laqueum
1031 1653 1141 1706 vocant.
1164 1643 1302 1701 indicabit.

525 1776 564 1825 IN
582 1773 724 1825 ECKIl'll
743 1775 959 1825 MONACHVM.

403 1879 481 1942 Echi,
504 1898 565 1936 cum
588 1881 749 1939 monachum
772 1889 799 1935 te
820 1881 978 1956 Desperatio
1002 1881 1074 1944 lecit,

453 1964 513 2021 llos
535 1973 627 2040 aptum
649 1964 722 2023 collo
744 1966 884 2040 repperies
905 1966 1056 2040 Laqueum!

604 2214 888 2277 llthOGVS

645 2337 697 2378 cvr
714 2337 846 2380 rrrvuve

547 2421 692 2478 Etllill'S
714 2422 942 2479 ilONnCllVS.

312 2553 549 2618 Interloqurrtores
567 2553 743 2615 Echinus,
763 2554 908 2617 arcult'S,
928 2555 1171 2605 IiEsPEttATIO.

184 2673 328 2730 Eclilla.
350 2675 429 2738 Echi,
459 2694 547 2733 meum
569 2675 637 2739 niel,
669 2677 731 2751 quid
762 2678 819 2733 lraec
842 2676 929 2733 vetula
952 2677 1024 2733 douai
1048 2686 1151 2733 nostrae
1175 2677 1226 2732 iam
1248 2677 1305 2749 agit
1328 2692 1388 2750 per·
1399 2688 1443 2738 §.a

68 2754 211 2832 t'tpetuum
235 2760 371 2816 triduum?
401 2762 465 2834 quid
493 2761 545 2816 sihi
573 2761 630 2817 vult
658 2769 711 2817 tarn
740 2763 825 2817 anxiis
848 2762 989 2836 suspiriis:
1019 2770 1072 2818 tarn
1096 2761 1232 2818 indefesso
1253 2760 1398 2825 clamaret

100 2844 201 2899 Eckiu
210 2864 232 2899 s.
249 2844 357 2900 lliriiice
373 2863 414 2901 me
431 2846 531 2901 turhat.
589 2844 731 2903 lichilla.
748 2846 785 2903 En
801 2856 828 2903 et
843 2847 956 2921 capillus
971 2866 1036 2904 siros
1051 2846 1150 2903 evellit.
1206 2845 1341 2902 Eclius.
1357 2845 1387 2902 Et

100 2929 209 2984 sortiter
231 2927 413 3003 lachrymatur
434 2939 517 3004 atque
540 2931 644 3004 mingit.
730 2931 876 2987 Eehilla.
906 2932 1003 2988 illalum
1026 2950 1085 2993 vas.
1110 2940 1165 2987 tum
1189 2931 1265 2986 rimis
1280 2930 1389 3004 plenum

102 3013 180 3068 iacile
201 3014 311 3069 diiiluit.
388 3015 519 3071 liclins.
549 3015 666 3091 Tempus
689 3017 741 3073 hoc
764 3017 838 3073 iocos
861 3032 915 3072 non
937 3017 1069 3090 postulat.
1134 3015 1281 3072 lichilla.
1304 3016 1447 3081 Locusta.

100 3098 239 3170 postulas?
262 3098 364 3172 placida
380 3117 454 3161 sum.
470 3101 616 3157 succumbo
631 3101 816 3175 paratissimc;
840 3098 964 3157 inscendo
980 3119 1087 3163 navem,
1104 3102 1126 3156 si
1142 3101 1190 3155 vis.
1256 3099 1390 3156 Euhius.

65 3183 194 3239 ²⁰2lilhuo
217 3184 304 3238 rides?
391 3184 532 3241 Ecltillu.
562 3185 676 3251 urriani?
705 3202 765 3241 uam
792 3186 854 3259 quis
882 3201 935 3241 uon
964 3185 1051 3241 rideat
1072 3185 1181 3240 Euhium
1211 3202 1266 3240 nno
1295 3185 1321 3240 in
1348 3203 1392 3240 ar·

101 3267 180 3322 husto
202 3268 271 3323 aluos
294 3269 438 3342 erptliacos
460 3269 551 3325 alere?
578 3269 646 3337 Quid
662 3270 685 3324 si
701 3287 755 3325 uon
771 3270 938 3345 leramhanc
953 3269 1068 3344 amplius
1083 3270 1212 3326 continue
1226 3267 1390 3325 eiulantem?

101 3351 232 3408 llolrius.
262 3353 346 3408 lireilc
369 3354 447 3416 mihi.
475 3372 530 3410 nou
554 3354 579 3409 in
603 3354 654 3409 hoc
677 3354 766 3415 adest,
796 3370 850 3428 quo
880 3361 909 3409 tu
938 3355 1056 3410 iudicas:
1086 3371 1174 3426 equae
1200 3354 1443 3412 cailavcrosamtu.
1540 3362 1547 3375 ·

100 3436 182 3492 lianc?
206 3437 267 3512 quis
289 3454 408 3511 unquam
431 3456 460 3493 se
483 3457 543 3495 cum
567 3437 612 3493 illa
635 3438 760 3500 misceat,
784 3454 844 3512 quae
869 3447 922 3494 tam
945 3438 1044 3494 misere
1066 3456 1097 3495 se
1119 3439 1264 3513 lachrymis
1286 3437 1390 3492 discru-

99 3522 170 3576 ciat‘?
256 3520 402 3577 Eclilla.
432 3522 535 3579 Excidit
558 3523 606 3578 tihi
630 3540 710 3596 «quam
732 3522 849 3578 libenter
872 3540 913 3579 me
935 3511 1145 3597 lachrymantem
1169 3523 1324 3597 opprimas?
1353 3519 1391 3576 liu

66 3613 91 3651 '1⁵
102 3623 180 3678 quarn
204 3606 290 3663 adhuc
312 3607 392 3662 hodie
415 3619 495 3681 rugat
518 3607 672 3682 pallioluin,
702 3608 821 3664 hesterni
844 3623 1008 3680 congressus
1031 3608 1168 3664 inclinium.
1255 3605 1390 3662 Belius.

99 3690 170 3745 h'ihil
199 3691 230 3746 :ul
260 3691 419 3747 rhomhuni:
453 3693 568 3748 vetulam
596 3693 793 3766 adgrediamur.
880 3691 1023 3750 Echilla.
1059 3692 1189 3767 Suspicor
1216 3691 1317 3747 «ludum
1346 3689 1393 3745 ad·

100 3792 224 3847 gressum
247 3792 321 3838 esse:
345 3777 392 3832 scil
415 3777 460 3832 liat
484 3779 555 3852 quod
580 3778 670 3839 iubes.
693 3777 836 3851 adgrediar
858 3777 919 3834 iam.
1006 3776 1137 3833 liclius.
1161 3771 1295 3832 Fortiter!

184 3858 326 3915 Eclilla.
355 3860 423 3927 huin
452 3862 558 3935 ploras,
588 3862 705 3926 anicula,
735 3862 775 3918 rel
803 3862 868 3936 qnid
898 3862 947 3918 tihi
970 3862 1079 3920 taudem
1105 3860 1247 3917 nobiscum
1272 3867 1315 3916 est
1345 3866 1447 3918 nei-⁴.
1514 3871 1515 3875 ’

101 3944 187 4015 gout?
273 3945 491 4019 hesperatio.
515 3946 607 4019 llapna
630 3949 701 4021 apud
725 3965 772 4003 ros
795 3966 837 4003 nie
860 3948 950 4021 praeda
971 3956 1071 4002 uianct.
1147 3943 1288 4002 liclilla.
1312 3944 1401 3998 Grae·-

67 4029 170 4082 unsaris
195 4029 220 4084 in
244 4029 314 4085 linire
336 4029 463 4087 modum?
486 4030 531 4087 llio
554 4032 625 4104 quod
650 4032 698 4088 tihi
721 4049 819 4088 nomeu
842 4033 886 4087 sit.
957 4031 1176 4106 ltcsperatio.
1200 4029 1326 4085 llomines
1350 4045 1391 4083 me

99 4113 318 4187 ltesperutionem
341 4122 444 4169 vocant.
511 4115 652 4172 Echilla.
675 4116 741 4184 Quis
764 4116 812 4170 tihi
836 4126 925 4191 pater.
949 4135 1011 4190 quar.
1034 4115 1082 4171 tihi
1100 4114 1269 4171 materfuit?
1334 4112 1450 4171 tte-§.s

167 4379 178 4410 ⁵
197 4380 340 4445 quaendsm
359 4384 400 4432 ed.
449 4381 467 4414 ¹¹
488 4383 560 4432 Huic.
578 4381 660 4432 titulo
679 4382 853 4448 proverbium
873 4384 1049 4448 ‘Desperatio
1068 4369 1231 4432 monachum
1250 4380 1329 4430 lecit'
1348 4394 1395 4429 en·

100 4481 159 4515 ssrn
177 4464 286 4515 dedisse
306 4466 479 4518 crediderim.
538 4465 560 4499 ¹⁴
578 4465 644 4534 mel]
664 4469 696 4518 In
715 4467 861 4518 blanditiis
880 4473 948 4533 spnt
966 4468 1094 4518 Plautum
1114 4467 1252 4531 frequens.
1310 4462 1332 4496 ¹²
1349 4463 1395 4514 Oi.

99 4550 211 4599 Terent.
226 4550 247 4599 l.
261 4551 323 4612 zat.
376 4550 440 4618 loci]
461 4552 596 4618 pudende.
644 4551 665 4584 ¹⁸
683 4549 774 4617 navis]
794 4566 850 4615 qus
867 4551 1073 4615 significatione
1092 4551 1209 4601 Plautus
1227 4549 1397 4614 aliquotiens

101 4639 129 4684 et
146 4635 280 4700 imprimis
298 4635 384 4694 lulis,
403 4636 520 4703 Augusti
539 4636 609 4696 tilis,
629 4638 672 4686 risi
690 4642 762 4686 sunt.
815 4634 835 4668 ²¹
856 4636 1045 4699 erythruieos‘l
1065 4637 1101 4687 el.
1116 4635 1188 4687 Plin.
1201 4635 1237 4684 li.
1250 4636 1283 4685 N.
1296 4633 1396 4685 XXVI.

105 4719 182 4768 litut.
235 4716 258 4750 ¹¹
277 4709 443 4770 discrutiet?
462 4724 503 4772 ed.
557 4722 579 4754 ²⁸
597 4720 672 4771 Nihil
693 4719 918 4788 udrhomb.lCi.
933 4723 998 4772 lice.
1013 4718 1195 4782 dedendo.
