3276 5414
160 418 277 454 nranoor
293 418 398 453 serres
411 417 528 452 rrarrvr
542 416 669 452 curuum.
691 399 731 467 [b]
750 416 994 452 arornreeennrn
1008 416 1121 452 vantem
1135 416 1170 450 rr
1185 414 1342 457 rasorium.
1375 385 1447 457 589

162 578 227 632 ‘luto
251 577 352 650 absque
376 576 460 650 paleis
482 585 511 632 et
532 576 634 650 absque
659 584 855 650 temperatura.
884 576 972 632 casuri
995 584 1074 630 sunt:
1097 574 1150 630 erit
1172 574 1243 630 enim
1267 573 1352 630 imber
1375 576 1452 631 inun-

161 663 242 718 ‘daus'
267 663 462 735 scripturarum
486 670 655 722 sanctarum,
685 671 712 716 et
743 660 854 734 ‘lapides
881 660 1056 732 praegrandes
1084 659 1202 733 desuper
1230 669 1340 716 ruentes
1362 669 1450 722 erunt.

126 811 138 833 ο
162 757 197 803 ‘ct
221 758 329 809 reatus,
358 756 385 802 et
414 746 620 820 dissipabuntur
642 746 748 808 omnia,
778 746 840 818 quia
864 745 977 820 spiritns
1000 744 1085 801 sancti
1108 761 1163 800 non
1186 743 1338 801 habuerunt
1360 745 1452 801 condi·

161 842 291 888 utentum.

139 932 153 970 a
227 918 320 972 bisit
344 916 521 972 Vadiscus.
560 914 636 982 tlarod
660 914 723 970 olim
746 915 844 970 ludaeis
866 914 962 970 scribae
985 923 1063 971 erant
1084 922 1112 969 ct
1133 914 1277 988 pharisaei,
1306 914 1359 971 boc
1380 915 1520 973 nuncto.

160 1003 321 1058 Christianis
343 1009 408 1056 sunt
430 1000 492 1056 unali
515 1000 672 1074 pontifices,
702 999 764 1055 mali
788 999 907 1073 praelati.
937 1000 1029 1056 Romae
1051 1000 1148 1056 domus
1171 1002 1254 1054 Annae
1277 1007 1304 1054 et
1326 1000 1450 1074 Caypbm.

161 1087 208 1143 nbi
231 1087 320 1143 alenam
342 1087 466 1141 Christus
493 1085 669 1157 crucifigitur.

226 1172 316 1226 ltixit
339 1169 551 1243 l‘asipuillus.
590 1169 645 1242 Ego
675 1171 765 1226 oruiiia
792 1170 888 1231 eredo,
922 1178 1004 1242 atque
1038 1186 1090 1243 pro
1126 1168 1176 1223 itte
1211 1168 1343 1225 catholica
1382 1170 1519 1227 inuritis

162 1275 220 1313 sum
245 1257 445 1329 paratissimus:
470 1256 496 1310 iu
520 1256 667 1311 homanum
692 1264 779 1311 tamen
802 1254 958 1328 pontificem
982 1272 1036 1310 uon
1058 1254 1178 1316 credam„
1202 1255 1224 1309 si
1247 1255 1365 1310 eundum
1386 1256 1450 1310 nubi

124 1344 199 1397 rosit
223 1343 248 1396 iu
272 1342 370 1411 ipumn.
1418 1387 1421 1396 .

227 1426 317 1481 birit
341 1425 514 1481 Vadiscus.
551 1425 622 1481 llirit
644 1426 708 1481 oliui
737 1426 770 1481 de
799 1424 897 1481 scribis
924 1433 951 1480 et
980 1424 1114 1498 phariseis
1141 1425 1266 1481 Christus
1288 1424 1518 1496 blattxirjihttr.

162 1514 259 1584 ‘Sarper
279 1510 434 1567 cathedram
456 1510 540 1583 lloysi
564 1511 692 1566 sederunt
715 1510 810 1565 scribae
832 1519 860 1565 et
889 1509 1023 1583 pharisei:
1052 1508 1165 1580 alligant
1194 1527 1276 1565 onera
1303 1511 1394 1582 gravia
1424 1519 1451 1566 et

162 1594 354 1669 ‘iiuportabilia
377 1603 404 1650 et
428 1596 572 1668 imponunt
596 1596 621 1650 iu
651 1596 793 1656 humeros,
828 1595 914 1667 digito
944 1603 1035 1650 autem
1063 1613 1114 1650 suo
1144 1594 1239 1650 nolunt
1270 1613 1300 1650 ea
1328 1613 1450 1658 iiiovcre;

162 1682 259 1737 ‘omnia
284 1698 348 1736 roro
372 1697 454 1754 opicru
478 1680 591 1740 laciunt,
618 1689 648 1734 ut
670 1679 809 1735 rideantur
831 1680 864 1734 ab
881 1678 1057 1743 homiuibus:
1081 1681 1232 1752 praedicant
1255 1680 1354 1735 ieiunia
1369 1679 1449 1754 phebi

129 1776 191 1822 teet
213 1766 345 1826 solidius,
373 1782 434 1820 cnm
458 1765 507 1838 ipsi
533 1767 558 1820 iu
582 1782 686 1821 omnem
710 1764 801 1820 luxiam
823 1765 949 1825 entuanu
977 1765 1124 1838 praedicant
1152 1782 1207 1821 non
1237 1765 1394 1828 iurandum,
1423 1774 1451 1821 et

162 1853 213 1925 ipsi
239 1859 325 1906 totum
349 1849 442 1906 orbem
464 1849 612 1923 compilant
635 1850 749 1923 ubique.
773 1850 855 1906 etde
878 1851 980 1923 rapinis
1004 1850 1121 1905 olleruut
1145 1850 1292 1912 sacrilieia;
1315 1868 1451 1906 coniuren-

160 1938 225 1992 dant
253 1935 448 1996 huiiiilitutem.
482 1952 543 1991 cuin
573 1936 624 2007 ipsi
654 1936 762 1990 interim
790 1935 904 1990 dilatent
933 1952 980 1991 sna
1010 1934 1175 2007 phylacteria
1203 1943 1232 1990 et
1260 1935 1450 2008 magnifaciant

163 2021 289 2076 timbrias.
333 2019 397 2087 Qum
420 2019 535 2075 historia
558 2019 609 2075 hoc
632 2036 750 2093 unquam
774 2027 871 2075 testata
893 2029 948 2081 est,
978 2027 1007 2074 ut
1035 2020 1074 2074 sic
1097 2021 1238 2076 incesserit
1259 2020 1389 2090 caudatus
1410 2021 1451 2076 di·

163 2125 212 2162 rus
234 2107 348 2165 Petrus.
379 2114 409 2160 ut
432 2103 471 2159 illi
495 2105 616 2178 cyuoedi.
646 2105 834 2178 Sardanapali,
861 2121 917 2160 uon
939 2104 1001 2160 dico
1024 2104 1178 2161 cardinales
1200 2113 1228 2161 et
1255 2103 1377 2180 praelati,
1404 2106 1451 2162 sed

125 2190 272 2251 sublilesii,
297 2190 342 2245 sed
366 2190 475 2251 bestiae.
500 2190 545 2245 sed
569 2191 669 2246 velitris
691 2189 815 2245 animalia
825 2194 836 2244 ¹!

226 2276 318 2331 ltixit
339 2274 549 2349 Pasqnillus.
587 2274 701 2331 Pulchre
733 2277 783 2330 iam
814 2276 840 2330 iu
869 2273 956 2330 lucem
983 2276 1056 2331 veuit
1083 2275 1155 2346 quod
1178 2275 1304 2349 praedixit
1324 2274 1519 2331 &natitatem

164 2380 222 2434 rap.
239 2360 298 2431 xvij.
334 2360 381 2416 “lu
403 2369 493 2415 autern
516 2359 672 2434 prophane,
697 2361 778 2434 impie
799 2361 852 2415 dua
875 2359 971 2421 lsrael,
1001 2361 1080 2415 cuius
1103 2361 1176 2415 venit
1195 2360 1254 2416 dies
1277 2361 1304 2415 in
1328 2369 1450 2434 tempore

166 2446 342 2518 iniqnitatis,
375 2445 431 2501 base
453 2446 518 2501 dicit
540 2446 666 2501 dominus
692 2446 775 2501 deus:
810 2446 895 2501 dulor
920 2444 1053 2518 cydarim,
1089 2444 1154 2500 tolle
1183 2462 1326 2508 coronam;
1361 2463 1452 2501 nonne

167 2532 231 2586 ‘baec
253 2538 294 2585 est
317 2548 376 2603 quim
399 2529 528 2586 humilem
551 2530 711 2592 sublevavit,
735 2541 761 2586 et
784 2529 928 2586 sublimem
951 2529 1118 2585 humiliavit?
1141 2529 1328 2603 lniquitateiu,
1352 2531 1451 2604 iniqui·

127 2625 270 2676 aetatem,
295 2616 464 2688 iniquitatem
487 2632 585 2688 ponam
608 2616 682 2672 eam'.
727 2614 793 2683 Quis
815 2633 870 2671 uon
893 2616 965 2671 videt
986 2616 1087 2671 dictum
1110 2633 1170 2670 esse
1193 2615 1226 2671 de
1241 2615 1361 2671 llomano
1383 2632 1452 2690 pon·

164 2702 247 2760 tilice.
271 2700 412 2773 prophano
435 2701 502 2756 duce
525 2700 632 2756 israelis
655 2700 822 2774 spiritualis,
852 2702 930 2757 cuius
954 2701 1025 2756 venit
1046 2700 1155 2767 diesin
1179 2709 1301 2774 tempore
1324 2701 1466 2779 iniquita,

164 2787 217 2841 tis?
241 2786 305 2858 quia
328 2786 381 2840 iam
403 2785 519 2841 revelata
542 2795 585 2842 est
606 2786 709 2842 malicia
733 2788 805 2848 eins,
829 2787 917 2848 fratis,
940 2785 1034 2847 dolus,
1058 2785 1181 2847 auaritia,
1206 2794 1233 2845 et
1256 2802 1336 2840 oinue
1352 2785 1451 2841 malum

163 2871 237 2944 quod
261 2871 384 2926 lecerunt
407 2871 464 2943 ipse
487 2880 515 2926 et
537 2881 628 2944 patres
650 2870 724 2926 illius
754 2873 781 2927 in
810 2873 965 2928 tierruanos.
1009 2872 1089 2926 ‘sicut
1118 2869 1161 2927 leo
1190 2871 1303 2943 rugiens
1330 2872 1453 2945 capiens·

165 2966 226 3028 'quc
249 2955 368 3028 praedam
389 2957 492 3011 animas
512 2955 722 3017 devoraverunt,
752 2974 819 3030 opes
842 2966 870 3013 ct
892 2957 1013 3030 precium
1042 2965 1220 3029 acceperunt;
1249 2956 1342 3012 viiluas
1371 2957 1452 3012 etiam

126 3039 442 3113 aoannltiplicarerunt',
466 3041 547 3097 immo
571 3050 762 3115 stuprarerunt
786 3043 813 3096 iu
836 3043 924 3098 medio
945 3040 1086 3104 Emlesim;
1110 3036 1342 3114 ‘contempserunt
1365 3041 1454 3115 legem

164 3125 311 3186 altissimi.
345 3134 373 3180 et
394 3123 468 3180 illius
496 3129 647 3183 sanctuaria
677 3125 858 3199 pulluei·unt';
893 3129 964 3182 inter
996 3134 1120 3182 sanctum
1148 3135 1176 3181 et
1199 3127 1369 3200 prophanum
1398 3144 1453 3183 non

165 3210 315 3265 babuerunt
337 3210 506 3272 distantiam.
530 3221 558 3267 et
580 3213 651 3267 inter·
674 3210 809 3284 pollutum
833 3222 860 3267 et
875 3211 1003 3267 muudum
1018 3228 1072 3266 non
1090 3209 1295 3272 intellexerunt.
1319 3212 1365 3267 sed
1381 3213 1454 3268 sicut

166 3293 223 3368 lupi
245 3294 439 3368 evigilaverunt
461 3297 493 3353 ad
516 3299 645 3369 pecunias
674 3306 702 3352 et
730 3314 839 3357 aurum,
870 3297 909 3351 ‘ad
940 3296 1131 3352 effrindendum
1160 3297 1320 3367 sanguinem
1342 3305 1370 3351 et
1392 3313 1453 3369 per·

167 3380 273 3435 ‘alendas
296 3381 413 3442 animas.
436 3391 463 3437 et
486 3383 556 3437 arari
580 3382 612 3437 ad
635 3382 760 3437 sectanda
783 3380 881 3442 lucrn’.
904 3380 1025 3437 dicentes
1048 3381 1116 3435 ‘lunc
1136 3379 1202 3435 dicit
1224 3381 1368 3443 dominns'.
1391 3399 1452 3437 cuin

129 3465 289 3522 antoninus
311 3483 366 3520 nou
387 3466 509 3521 dixisset.
554 3465 695 3541 ‘populum
719 3474 799 3521 terrae
822 3465 1055 3522 calumniabantur
1081 3463 1228 3527 calumnia.
1256 3475 1284 3520 et
1313 3465 1453 3540 rapiebant

166 3550 319 3613 ‘violentem
349 3567 463 3622 eperum
485 3561 512 3606 et
535 3569 680 3626 pauperem
702 3550 873 3624 affligebant,
902 3559 930 3606 et
951 3551 1078 3606 advenam
1102 3550 1292 3622 opprimebant
1320 3550 1453 3607 calumnia

165 3635 274 3708 ‘alisque
298 3635 414 3691 iudicio'.
458 3635 550 3710 Neque
575 3635 628 3692 illis
651 3635 752 3692 suflicit
775 3636 846 3710 quod
868 3635 936 3690 dixit
958 3635 1106 3709 Apostolus
1135 3635 1193 3702 ‘Qui
1217 3636 1339 3691 serviunt
1367 3635 1453 3698 altari.

166 3721 261 3777 ‘vivant
283 3721 315 3776 de
338 3719 434 3781 altari'.
463 3721 510 3776 sed
533 3732 678 3797 postquam
701 3721 732 3777 ad
756 3722 936 3777 ministerium
958 3720 1001 3776 dei
1023 3728 1210 3781 accesserunt,
1239 3721 1323 3776 Crresi
1345 3720 1454 3776 diuitias

164 3814 340 3878 congregant.

130 3900 156 3939 ⁴⁰
229 3891 323 3947 ltixit
347 3891 524 3948 l'adiseus.
562 3892 600 3949 lta
630 3893 783 3949 inamlatuiu
811 3901 869 3949 crat
897 3892 924 3946 iu
948 3891 1006 3964 lege
1028 3891 1171 3946 beuteron.
1194 3891 1228 3945 vi.
1263 3889 1381 3962 ‘Ligabis
1403 3890 1522 3953 ca'.l.t⁹.

166 3975 448 4037 videlieetruandata.
478 3978 513 4032 ‘iu
536 3995 616 4033 inum
640 3987 699 4039 tua.
728 3987 755 4034 et
784 3986 865 4034 eruut
888 3978 998 4032 immota
1020 3984 1082 4031 ante
1106 3974 1201 4032 oculos
1231 3975 1309 4032 tuos'.
1353 3978 1388 4030 ht
1410 3975 1452 4031 illi

165 4062 273 4133 pessimi
298 4060 462 4123 intuituros,
493 4062 676 4119 adulterantes
706 4063 816 4119 uerbum
844 4063 887 4119 dei
917 4072 944 4118 ct
972 4063 1111 4118 veritatem
1139 4061 1182 4116 dei
1205 4070 1403 4117 commutantes
1426 4062 1454 4119 iu

166 4146 334 4201 mendacium
356 4155 383 4201 et
406 4147 602 4218 uirgacissiiuas
630 4167 692 4205 suas
715 4167 816 4222 irrigas.
845 4167 896 4225 pro
925 4147 986 4221 lege
1009 4146 1109 4202 Christi
1138 4156 1165 4202 et
1192 4146 1235 4202 dei
1264 4146 1455 4220 imposuerunt

235 4329 240 4359 ¹
256 4330 314 4378 Non
328 4332 416 4379 omnia
429 4338 493 4379 sunt
506 4331 647 4396 prophetae
661 4333 754 4382 verbu.
791 4331 801 4362 ὃ
815 4331 857 4381 Cf.
865 4332 926 4382 net.
935 4337 1023 4397 apost,
1030 4330 1075 4380 IV.
1086 4334 1114 4379 et
1127 4329 1283 4391 evangelia.
1322 4328 1342 4362 ¹¹
1355 4331 1453 4382 Mutth.

166 4414 383 4466 mutata.
439 4415 459 4446 ¹⁵
478 4418 582 4466 eliciunt
601 4420 623 4468 1.
676 4416 696 4447 ¹⁷
714 4417 901 4468 bumilitatem
920 4421 944 4468 1.
998 4415 1308 4466 ct..ttnttti.xxtlt.5.
1365 4415 1453 4480 philu-

165 4500 237 4548 terio
257 4503 280 4548 l.
350 4497 458 4550 ²¹lmnio
476 4502 782 4552 Eze‹:tr.xxt.·25...27.
840 4500 862 4534 ¹³
881 4502 946 4566 iniq.
961 4503 1110 4568 prmliiiitu.
1129 4501 1189 4550 liure
1208 4501 1256 4550 Ea.
1308 4499 1330 4532 ’ὅ
1349 4516 1410 4551 ciam
1431 4505 1453 4551 1.

164 4580 186 4613 ²⁷
205 4584 248 4633 Cf.
263 4585 362 4633 Enoch.
378 4587 449 4635 XVI.
463 4587 503 4635 hl.
573 4583 595 4617 ²³
609 4585 810 4637 ttzeeb.xxt1.
824 4587 865 4635 25.
885 4587 1130 4638 t·f.Pnetm.xx1.
1146 4587 1184 4635 ll.
1255 4585 1277 4616 ³⁰
1295 4585 1338 4635 Cf.
1351 4586 1453 4635 Bacch.

166 4668 251 4717 XXll.
266 4668 307 4716 ab.
320 4685 378 4733 sqq.
426 4669 764 4723 ”elneusxxttaaatt
804 4673 897 4737 populi
911 4670 956 4722 ez.
992 4671 1015 4704 ³⁷
1032 4670 1140 4738 Apost]
1161 4671 1237 4721 Paul.
1252 4687 1293 4736 ep.
1308 4671 1329 4719 1.
1345 4671 1379 4721 ed
1392 4672 1455 4722 Cor.

166 4753 213 4802 1x.
229 4753 269 4804 1³.
327 4752 348 4785 ³⁸
367 4754 444 4804 Orosi
462 4759 486 4804 1.
543 4755 564 4787 ⁴⁰
582 4756 828 4807 Deuteronvhtl.
885 4754 907 4788 ⁴³
925 4759 1109 4823 nugacissimas
1128 4759 1152 4805 1.
1212 4783 1219 4801 ·
1437 4780 1442 4789 ·
