3276 5414
294 417 357 466 ΧΠ.
426 432 572 466 asururvs.
643 431 979 465 mnnoovsuvrrsurcvs
1004 413 1181 478 (rosrrrtrs).
1308 399 1382 470 417

94 597 194 647 tenere
217 586 331 663 potest?
364 592 414 645 aut
436 583 585 645 nonlicet
606 587 696 644 armis
719 602 772 663 per
794 585 929 645 iniuriar'u
953 584 1088 663 adempta
1111 586 1200 644 arinis
1221 602 1276 662 per
1298 602 1386 644 ocea-

94 690 205 747 sionem
228 688 382 766 repetere?
414 705 510 765 neque
532 694 619 766 puto,
649 694 750 747 contra
773 693 907 747 naturam
937 705 1004 746 cum
1033 687 1070 744 sit
1092 703 1126 745 ex
1151 684 1243 745 libero
1266 704 1382 746 serrum

94 790 174 858 tieri,
209 796 311 848 contra
340 788 420 864 ieges
447 806 510 848 esse
539 788 647 849 debere
677 788 712 848 ad
741 794 854 847 naturae
877 787 987 848 donum
1011 791 1174 866 respicere:
1208 787 1383 847 cadomum

94 891 166 950 tides
187 898 247 959 est,
280 909 337 968 qua
367 889 470 949 danius
492 890 570 968 quod
593 888 744 950 dehemus
789 893 850 967 Age
879 898 990 959 autern,
1025 891 1089 968 quis
1111 897 1170 948 tarn
1193 890 1307 949 iniuriae
1330 895 1453 966 patu.

72 994 170 1052 atiens
194 1010 257 1051 esse
284 991 385 1060 debet,
422 998 455 1049 ut
483 1010 516 1051 ea
545 993 619 1051 ierat
649 1010 713 1069 quae
741 992 769 1050 in
793 991 950 1050 Germania
979 990 1125 1051 iaciebant
1153 989 1277 1050 Romani
1305 996 1385 1058 tunc,

93 1111 217 1171 queque
241 1094 350 1160 Varus,
376 1093 464 1152 iroruo
478 1090 618 1152 'omnium
642 1100 713 1170 puto
736 1111 811 1171 qnos
834 1100 912 1152 terra
935 1091 1059 1170 protulit
1080 1090 1268 1151 avarissimus
1291 1099 1321 1151 et
1343 1093 1385 1151 in·

93 1195 281 1271 iquissinurst
313 1195 362 1272 qui
385 1212 452 1254 eum
476 1194 589 1271 Syriam
612 1201 679 1253 ante
700 1193 854 1272 spoliando
884 1194 1131 1262 circumrasisset,
1165 1194 1328 1253 Germanos
1351 1210 1386 1253 ex

95 1302 155 1354 toto
179 1304 353 1355 consumere
375 1295 539 1373 peculando
561 1297 741 1362 instituerat;
765 1295 863 1372 ibique
887 1315 919 1355 ea
944 1296 997 1354 init
1020 1294 1158 1372 superbia
1182 1301 1210 1354 et
1230 1296 1319 1354 animi
1335 1296 1387 1355 im-

94 1398 239 1473 potentia,
271 1403 302 1456 ut
330 1405 428 1456 mente
456 1394 623 1474 conciperet
652 1395 760 1456 bestius
789 1414 853 1455 esso
876 1398 1039 1456 Germanos
1067 1403 1096 1455 et
1123 1397 1235 1456 ratione
1258 1398 1387 1457 carentia

62 1497 198 1564 subruta,
223 1515 281 1556 non
305 1497 453 1566 homines,
478 1517 573 1577 rreqne
595 1498 684 1557 uliam
707 1505 817 1556 tantam
841 1516 905 1557 esse
927 1497 1129 1572 indignitatem
1154 1516 1241 1575 quarn
1258 1487 1386 1558 aversari

95 1618 148 1658 nos
171 1599 290 1659 deceret
312 1607 362 1659 aut
384 1609 485 1659 contra
508 1618 596 1678 quom
619 1600 765 1659 resistere.
811 1601 908 1678 itaqnc
930 1597 1001 1658 nihil
1024 1599 1158 1658 ementire
1186 1616 1246 1658 suae
1274 1606 1386 1678 tempe·

95 1703 184 1769 ravit,
208 1719 295 1760 omne
318 1701 458 1777 flagitium
482 1708 511 1760 et
533 1719 621 1760 omne
643 1719 731 1760 ausus
754 1709 797 1760 est
813 1700 917 1760 scelus.
956 1701 1143 1777 Quapropter
1159 1718 1214 1777 ego
1230 1698 1300 1759 iilud
1318 1709 1457 1760 cumctt.

96 1803 221 1861 consciri
246 1802 375 1870 facinus,
401 1821 458 1860 nou
482 1820 551 1879 erga
575 1800 719 1879 iegitirnos
742 1801 877 1861 dominos
899 1801 986 1861 tidem
1009 1795 1113 1870 seretti,
1142 1800 1195 1860 sed
1218 1809 1320 1861 contra
1343 1802 1386 1860 iu·

97 1904 263 1980 iquissimos
286 1910 424 1981 tyrannos
447 1905 492 1962 ius
515 1905 616 1980 patriae
639 1910 667 1961 et
690 1921 846 1963 commune
869 1904 913 1962 ias
935 1902 1056 1962 obtinui.

64 2023 88 2060 u
162 2025 267 2064 uiuos,
305 2004 435 2080 ingenue
459 2022 591 2064 caussam
615 2012 725 2064 tutatus
748 2012 806 2072 est,
831 2005 922 2064 etsie
945 2021 1000 2080 ego
1023 2005 1156 2063 existimo
1180 2005 1326 2065 neminem
1349 2006 1388 2064 ita

98 2105 181 2166 atteri
205 2124 277 2183 pace
300 2104 473 2167 obstrictum
496 2124 577 2188 esse,
607 2114 639 2166 ut
666 2105 775 2165 talibus
803 2108 932 2183 percitus
959 2107 1069 2165 caussis
1092 2104 1238 2164 mutandae
1260 2106 1305 2164 ius
1329 2123 1387 2166 non

98 2206 211 2267 habeat.

162 2329 275 2368 screno.
313 2309 350 2367 Et
370 2316 468 2368 taruen
491 2310 643 2386 perfidiam
667 2310 807 2368 obiiciunt
831 2309 899 2368 hnic
922 2310 1029 2377 nostri,
1058 2327 1092 2367 ac
1120 2309 1206 2368 nimis
1228 2307 1386 2368 crudeliter
1399 2310 1456 2360 §.so

98 2411 211 2469 videtur
232 2408 386 2468 Varianam
410 2412 577 2470 exercuisse
599 2412 758 2470 victoriam.

63 2528 88 2565 oo
162 2530 320 2573 nuururvs.
358 2511 482 2579 Eadem,
514 2512 627 2589 Scipio,
656 2513 769 2571 ratione
793 2511 896 2590 perfidi
920 2511 1040 2571 inerunt
1063 2511 1251 2590 tyrannicidae
1281 2510 1389 2590 ubique

79 2631 201 2701 'omnes
224 2614 375 2689 etpatriae
397 2612 537 2672 libertatis
559 2613 746 2681 adsertores;
770 2614 858 2673 vestri
882 2614 1045 2691 praesertim
1068 2614 1117 2689 qui
1133 2612 1309 2691 'l'aruuinios
1332 2614 1389 2672 eie·

100 2723 219 2782 cerunt,
256 2721 284 2771 et
306 2712 451 2773 Caesarem
474 2715 699 2783 interfecerunt,
734 2734 768 2775 ac
790 2733 935 2775 summanr
958 2714 996 2774 ob
1020 2714 1048 2774 id
1070 2713 1202 2781 laudem,
1237 2715 1389 2790 sempiter-

100 2832 167 2873 nam
192 2817 267 2874 inter
291 2833 341 2873 vos
363 2813 486 2892 gloriam
510 2816 660 2875 consecuti
683 2823 760 2875 sunt.
794 2816 921 2895 denique
944 2834 1047 2877 eornm
1071 2823 1114 2875 est
1137 2815 1258 2895 perfidia
1282 2817 1330 2893 qrri
1354 2815 1389 2875 ad

101 2915 227 2974 fortunae
260 2923 356 2975 motus
385 2922 520 2993 spectant
549 2924 578 2976 et
607 2916 777 2978 mutabilem
810 2917 846 2977 ad
876 2918 930 2978 lros
957 2917 1045 2977 fidem
1081 2917 1309 2977 circumierunt:
1344 2934 1392 2978 me

63 3034 210 3075 succusso
233 3019 353 3096 aequitas
376 3025 476 3076 contra
500 3018 638 3077 aduersos
661 3038 779 3098 quoque
802 3038 888 3080 casus
909 3021 960 3079 niti
984 3017 1120 3097 perpulit.
1155 3019 1236 3078 Dicat
1253 3020 1306 3078 iste
1323 3035 1391 3077 reeo

100 3117 207 3186 Mirum,
231 3118 317 3178 talem
340 3125 459 3196 tamque
482 3120 678 3197 importunam
696 3119 827 3202 Quintilii
849 3121 1030 3216 atrocitatem
1053 3138 1089 3180 an
1106 3138 1166 3179 non
1181 3117 1292 3179 iierrerit
1311 3120 1391 3185 mihi,

100 3238 166 3277 eum
190 3221 374 3279 occasionem
397 3219 435 3278 dii
459 3220 643 3289 triturissent,
668 3221 722 3280 aiio
746 3223 870 3282 invicem
893 3225 1044 3282 atrocitate
1066 3224 1180 3299 punire.
1300 3287 1307 3295 ,

164 3341 268 3381 uiuos.
308 3321 438 3390 Censeo,
462 3320 551 3381 licuit.
1401 3327 1459 3375 Mt·

160 3442 332 3496 ‚rreuurean
371 3422 448 3483 Ecce
474 3432 571 3483 autern
603 3426 651 3502 qrri
682 3425 770 3483 iactas
799 3422 871 3482 uilrii
899 3430 959 3483 tam
990 3424 1190 3482 necessarium
1213 3421 1265 3481 tibi
1288 3424 1391 3490 visum,

65 3524 172 3600 aternio
196 3524 297 3598 patriae
319 3523 447 3583 studium
469 3526 640 3600 peruicerit,
675 3530 771 3584 tamen
795 3542 919 3602 regnum
949 3524 1101 3584 aiiectasse
1131 3523 1251 3587 diceris,
1285 3531 1315 3581 et
1344 3524 1393 3601 quei

101 3622 229 3682 aiieunrn
252 3623 387 3699 gloriaris
409 3625 559 3685 arnoiituru
584 3633 611 3683 te
634 3627 734 3701 iugum
765 3643 780 3684 a
810 3623 1016 3702 popuiaribus,
1052 3631 1134 3683 tnuru
1166 3623 1269 3683 iisdem
1299 3625 1394 3682 inteu-

102 3725 182 3791 tasti,
217 3725 294 3802 qnod
319 3725 401 3784 neias
423 3726 452 3784 in
476 3745 573 3786 irritum
598 3727 727 3785 animum
748 3744 899 3804 nurrquarn
922 3725 1043 3793 cecidit,
1078 3733 1110 3784 ut
1141 3723 1184 3784 uel
1214 3724 1300 3783 huius
1322 3742 1393 3800 ergo

102 3827 233 3903 proponi
256 3826 317 3902 ipse
341 3824 390 3885 tibi
414 3827 545 3887 debeam.
612 3811 614 3815 ’

165 3946 324 3986 nnururvs.
362 3926 480 3986 Minimo
503 3935 533 3986 tu
557 3927 674 4005 qrridem
698 3927 773 3986 icario
796 3927 833 3987 ot
857 3945 989 3996 causam,
1013 3927 1155 4006 siquando
1179 3926 1257 4003 apud
1279 3945 1310 3985 se
1327 3926 1463 3985 essem

68 4026 181 4086 seroiet
203 4027 250 4086 iric
273 4027 379 4087 Minos:
415 4046 483 4087 narn
505 4044 629 4103 regnunt
653 4029 824 4105 capessendi
847 4047 997 4107 nunquam
1026 4028 1096 4088 mihi
1123 4026 1229 4103 crundo
1260 4028 1393 4095 incessit;

103 4128 155 4187 sed
179 4129 231 4187 suit
256 4128 442 4189 inimieorum
465 4147 499 4189 ea
528 4129 635 4189 inuidia
664 4147 730 4207 quae
758 4130 955 4206 suspicionem
985 4129 1061 4190 lianc
1087 4127 1256 4189 homiuibus
1286 4128 1392 4188 iniecit.

170 4379 177 4412 ¹
198 4381 287 4430 teneri
307 4383 330 4432 6,
344 4387 368 4428 et
381 4397 402 4429 e.
419 4384 458 4432 11.
469 4383 546 4444 fetro.
599 4379 622 4412 ²⁸
643 4382 672 4431 Iu
691 4384 749 4431 edd.
760 4384 819 4445 fere
831 4382 942 4431 orionibus
957 4397 1095 4446 perperam
1113 4383 1298 4445 scriptumest:
1316 4381 1393 4430 Min.

46 4479 51 4489 ·
103 4465 225 4523 Censeo,
252 4465 332 4513 licuit
350 4466 513 4516 ilnnnibuii.
550 4468 623 4515 liceo
647 4475 695 4516 ete.
729 4467 824 4521 lustruu
845 4469 989 4516 diuisionem
1012 4466 1083 4514 dedit
1102 4465 1280 4514 Metnneletlron
1300 4464 1391 4526 (eda.

105 4549 188 4601 teat.)
206 4552 257 4597 nie:
276 4549 352 4598 Min.
368 4548 483 4602 Censeo.
503 4550 592 4599 iierrit.
623 4552 766 4600 rronniu.
787 4553 860 4600 lieee
879 4558 926 4600 ete.
957 4550 1104 4600 Miiucirius
1117 4550 1144 4598 in
1158 4551 1235 4598 iiutt.
1251 4549 1320 4613 Opp.
1341 4548 1392 4599 iai-

101 4649 158 4681 surn
178 4634 342 4682 ‹lirinionem
362 4636 510 4698 expressit,
537 4650 597 4684 euru
618 4651 688 4684 urrrro
708 4640 771 4684 aute
790 4635 817 4683 iu
837 4635 1002 4683 Gerrrrunico
1021 4649 1070 4683 suo
1089 4633 1213 4698 exenrplo
1231 4634 1331 4682 iustam
1351 4650 1393 4682 sc·

100 4722 180 4766 cutus
199 4725 282 4766 esset.
789 4744 798 4772 o

160 4802 292 4852 Hvrrrnr
313 4802 527 4852 oresontlll.
1131 4802 1171 4864 27

392 4902 407 4928 0
