3276 5414
191 384 264 457 358
371 396 405 445 Χ.
476 411 601 446 nomon
621 410 772 446 sscvsnvs.
844 406 1201 445 nranoovsnvrrssrevs.
1225 392 1327 455 (asan.)

190 566 319 646 probare
341 563 478 625 voluisset
495 566 578 624 istam
594 564 755 625 insectandi
770 563 932 623 Lutberum
949 561 1073 631 rabiem,
1098 570 1129 623 et
1154 565 1186 622 in
1211 562 1422 624 manifestum
1444 562 1507 621 adeo

191 685 339 736 errorem,
363 676 446 725 atrox
470 663 583 724 lacinus
598 682 736 742 praeceps
759 665 819 724 irc?

190 764 313 846 {5:23⁰st
377 786 526 827 uomroa.
566 766 656 827 Video
684 765 755 825 nihil
784 766 820 825 ab
855 765 965 844 optima
998 766 1113 826 ratione
1147 764 1296 827 alienum
1333 767 1441 826 conari
1471 774 1507 826 te:

192 870 290 947 itaque
314 885 372 927 nou
395 866 517 944 pudebit
539 887 586 928 me
609 865 780 938 consilium,
804 868 887 928 cuius
908 866 961 927 tibi
983 866 1090 927 author
1112 884 1182 927 esse
1207 867 1317 937 volui,
1342 867 1508 946 improbare

192 969 314 1049 posthac
337 976 366 1028 ct
388 968 501 1029 diversa
524 969 617 1047 sequi.
1514 984 1524 1020 a

124 1086 184 1136 ora.
256 1089 456 1132 ssascusors.
495 1070 557 1129 lloc
573 1078 603 1129 tu
620 1069 741 1139 videris,
758 1070 828 1129 milri
844 1069 892 1131 ille
907 1070 1093 1130 vehementer
1109 1087 1192 1129 curas
1209 1079 1280 1139 est,
1300 1073 1373 1150 qui,
1392 1090 1460 1131 cum
1473 1079 1510 1130 tot

192 1178 381 1249 restemque
404 1173 577 1231 necessaria
599 1172 737 1246 gorerrdae
758 1173 815 1231 iam
839 1173 910 1241 sint,
941 1171 1126 1251 nequissimis
1148 1170 1339 1232 homiuibus
1364 1173 1406 1233 ad
1427 1189 1509 1249 nego·

192 1275 230 1335 tia
254 1271 362 1333 nullius
385 1271 470 1332 bonae
485 1272 578 1350 frugis
594 1272 774 1333 abutendum
790 1290 821 1331 sc
837 1273 964 1350 praebet:
988 1290 1075 1351 apuam
1090 1279 1161 1332 sunt
1175 1272 1279 1333 multa
1297 1275 1387 1335 enim
1403 1274 1509 1350 agenda

191 1372 391 1458 gsssstfffflgflffl
413 1374 421 1442 Ι
444 1377 525 1451 prius
546 1374 587 1434 illi
610 1392 697 1453 quarn
720 1375 918 1435 irrociosorum
935 1373 1168 1434 sacrificulorum
1185 1373 1451 1436 sollicitationum
1464 1375 1509 1436 ali-

193 1476 262 1554 quid
285 1494 364 1535 curre
386 1475 546 1552 partiatur?
576 1494 642 1535 iram
666 1482 695 1536 et
717 1474 867 1536 latrocinia
889 1476 1045 1536 inhibenda
1069 1494 1104 1535 ac
1125 1475 1308 1553 monopolis
1335 1477 1506 1545 auferenda,
1516 1488 1533 1527 Ι·

193 1586 223 1639 et
249 1577 487 1654 recognoscenda
517 1578 626 1637 infinita
654 1577 844 1638 sacerdotum
875 1576 996 1655 collegia
1027 1594 1193 1654 magnaque
1225 1595 1267 1637 ex
1292 1585 1389 1657 parte
1412 1578 1509 1639 dissol-

194 1679 297 1747 venda,
321 1685 350 1738 et
371 1679 585 1738 causidicorum
609 1679 821 1756 compescenda
844 1678 949 1747 rabies,
974 1697 1008 1739 ac
1029 1676 1145 1756 publica
1168 1676 1295 1739 luxuria
1310 1683 1509 1742 severissimis

126 1794 186 1845 aaa.
196 1780 359 1842 coercenda
375 1779 497 1858 legibus,
521 1780 610 1841 multa
627 1797 784 1858 perperam
799 1780 837 1840 ab
853 1782 979 1859 antiquis
993 1781 1102 1841 sancita
1118 1781 1329 1841 retractanda.
1370 1782 1433 1844 lroc
1448 1800 1509 1842 sero

195 1880 330 1964 {23:331
352 1900 440 1960 quarn
468 1899 588 1942 necesse
619 1880 720 1949 luerit,
750 1882 918 1942 attinentem
947 1882 1070 1942 fratrum
1099 1888 1128 1942 et
1150 1882 1387 1943 monachorum
1412 1902 1508 1945 nume

195 2001 261 2043 rum
283 1984 320 2042 ad
342 2000 487 2043 summam
511 1983 703 2043 raritudinem
726 1990 755 2042 et
777 1984 950 2060 paucitatem
974 1983 1061 2059 louge
1083 1990 1247 2044 extremam
1272 1985 1442 2064 redigere,
1463 1994 1531 2047 anta

195 2083 310 2160 sstfsslffll'
332 2081 339 2151 Ι
362 2087 449 2144 etiam
472 2103 507 2145 ex
530 2091 592 2144 toto
615 2085 734 2145 ordines
757 2087 806 2163 qui
829 2093 969 2145 vocantur
991 2083 1111 2144 abolere
1134 2090 1161 2144 et
1185 2102 1312 2145 omnem
1339 2086 1440 2149 semel
1460 2106 1506 2148 au·

198 2185 277 2246 terre
299 2186 497 2264 hypocrisim?
525 2192 669 2263 praeterea
698 2185 789 2245 libido
811 2188 920 2263 passim
943 2185 1075 2254 invaluit,
1105 2187 1354 2264 constringatur;
1394 2189 1506 2250 mundi·

198 2289 243 2346 tiis
265 2287 400 2347 lromiues
421 2287 539 2347 student
562 2286 627 2366 plus
650 2307 737 2367 rpeiam
760 2287 971 2360 muliebribus,
995 2288 1157 2348 intercedat
1178 2287 1214 2346 ad
1238 2286 1388 2350 laborem
1413 2301 1443 2351 et
1458 2290 1505 2351 du·

129 2386 297 2463 scaamgi&
321 2395 327 2465 Ι
349 2389 445 2448 ritiem
469 2391 590 2449 coactio.
635 2388 759 2450 decebat
782 2391 868 2450 etiam
897 2390 1124 2450 valentissimum
1155 2407 1306 2467 qrremque
1342 2398 1376 2451 et
1406 2395 1505 2470 prime

198 2492 326 2558 virtutis,
356 2507 456 2550 senem
485 2497 535 2549 aut
557 2492 707 2560 iuvenem,
738 2490 900 2551 bonoribus
923 2509 957 2551 ac
979 2491 1106 2569 praemiis
1127 2490 1272 2558 adlicere,
1298 2493 1525 2569 quemadmoa·

200 2592 269 2652 [lum
293 2602 322 2653 et
343 2594 392 2662 iis,
417 2609 542 2670 quorum
566 2602 721 2670 perspecta
744 2593 861 2670 egregia
884 2592 952 2653 belli
976 2593 1104 2653 facinora
1126 2598 1210 2659 sunt,
1234 2591 1437 2655 decernenda
1460 2613 1504 2654 or·

130 2700 350 2762 §.mnamentm
379 2701 481 2757 contra
511 2695 629 2755 notandi
659 2696 708 2773 qui
735 2714 766 2754 se
794 2693 957 2755 sceleribus
985 2694 1215 2757 obstrinxerunt.
1263 2693 1342 2754 Nam
1375 2696 1415 2756 ad
1445 2713 1505 2756 rem

198 2794 285 2870 235⁰·
308 2794 315 2863 l
337 2798 533 2856 rrurumariam
557 2797 634 2874 qrrod
658 2797 797 2873 pertinet,
825 2797 1043 2873 procurandam
1067 2813 1130 2856 eam
1154 2796 1288 2855 existimo
1312 2795 1368 2856 bic
1391 2805 1504 2858 retento

198 2897 275 2974 ‹prrod
300 2896 432 2956 ltomano
455 2898 587 2957 Pontifici
610 2898 746 2958 deterunt
768 2899 927 2965 tlurtisani‚
957 2906 986 2958 et
1008 2897 1204 2977 quodcunque
1227 2914 1282 2975 per
1305 2895 1393 2959 illam
1416 2899 1503 2960 bene·

202 2998 334 3057 boiorum
358 3001 583 3075 riegotiatiouem
607 3018 642 3059 eo
666 3000 916 3078 reelit..,quothue
940 3017 993 3076 pro
1009 3000 1211 3076 nugacissimis
1226 2998 1385 3060 mercibus
1400 3002 1439 3062 ad
1455 3019 1529 3063 ess

131 3115 295 3167 §.aestaset
315 3113 322 3184 Ι
346 3107 443 3161 ternas
467 3103 598 3160 nationes
614 3101 758 3161 l‘ucclreri
781 3101 946 3178 deportant.
992 3102 1060 3162 llaec
1083 3108 1112 3160 et
1134 3099 1302 3160 huiusmodi
1326 3102 1446 3163 inbuita
1468 3105 1502 3163 si·

201 3200 317 3276 sperando
341 3210 481 3262 executus
503 3202 550 3263 ille
574 3202 674 3272 luerit,
700 3210 768 3262 tunc
790 3204 899 3280 poterit
921 3205 949 3262 in
972 3204 1038 3262 ocio
1061 3221 1127 3280 epuao
1149 3202 1183 3262 ad
1207 3220 1238 3261 se
1261 3219 1323 3260 uon
1348 3206 1501 3281 pertinent

201 3319 308 3354 imaue..
331 3308 338 3375 Ι
363 3321 557 3380 cogitasse-re:
582 3312 662 3364 certe
686 3306 763 3363 euim
786 3323 890 3381 parum
915 3304 1022 3364 utiliter
1046 3305 1200 3381 imperium
1217 3303 1457 3375 administrabit,
1480 3307 1502 3366 si

199 3419 307 3457 curiosas.
330 3413 338 3484 Ι
360 3422 392 3464 se
415 3407 509 3464 statim
533 3405 569 3464 ab
593 3405 739 3465 altissimis
762 3406 985 3482 cogitationibus
1008 3406 1043 3465 ad
1067 3406 1196 3465 intimam
1218 3406 1429 3466 curiositatem
1452 3407 1502 3467 ab·

199 3503 265 3563 duci
289 3507 447 3583 permittet.
1049 3536 1054 3545 ·
1506 3529 1528 3565 u

263 3626 414 3668 uomron.
453 3608 489 3669 Et
517 3615 614 3668 tauron
644 3627 765 3676 curare,
796 3628 893 3687 nequo
922 3607 1116 3686 periculosius
1144 3607 1267 3668 evadant
1289 3608 1319 3668 bi
1345 3610 1501 3677 tumultus,

200 3723 259 3765 non
282 3708 382 3769 inutile
404 3710 521 3786 penitus
543 3710 640 3769 luerit.

132 3819 189 3869 §.tt
203 3804 423 3884 alffl⁰m¹ssssssl⁶⁰³
448 3813 456 3882 Ι
520 3832 720 3873 raasorscvs.
759 3815 795 3873 nt
817 3811 959 3872 tumultus
982 3829 1041 3870 riori
1064 3819 1175 3878 essent,
1198 3812 1254 3870 nisi
1275 3810 1324 3870 ille
1348 3830 1383 3872 so
1407 3815 1500 3874 irumi·

202 3910 325 3970 scuisset
347 3913 479 3987 rregotio,
509 3914 545 3973 ad
573 3914 651 3992 quod
680 3932 734 3990 per
763 3916 859 3974 omnia
883 3912 1098 3973 conniiendum
1121 3912 1218 3990 potius
1248 3918 1312 3972 erat
1340 3930 1434 3991 quam
1459 3913 1500 3975 sel

202 4009 578 4081 verim,interturbamlum.
625 4023 710 4093 prum
733 4016 810 4074 enim
833 4014 1059 4075 subnasceutcm
1082 4017 1109 4074 in
1126 4015 1283 4076 Germania
1306 4032 1390 4076 nunc
1413 4034 1526 4079 evan-s

183 4111 301 4187 ¹gelicae
324 4113 479 4183 doetrinae,
511 4116 640 4176 litrtlrcro
664 4117 850 4194 dispensante
874 4117 1084 4194 coguitionem,
1115 4118 1139 4175 si
1169 4133 1228 4175 non
1252 4115 1386 4177 audisset
1409 4117 1499 4179 liaro·

199 4239 406 4247 ———......

267 4297 278 4328 ⁶
297 4300 385 4360 „Cum
403 4307 444 4349 tot
463 4303 602 4351 sustinens
616 4307 644 4351 et
657 4307 734 4351 tauta
748 4304 861 4366 rregotia
874 4301 964 4352 solus*
984 4303 1049 4351 llor.
1058 4304 1138 4367 epist.
1146 4303 1181 4351 Il.
1193 4302 1214 4365 l,
1227 4314 1243 4351 t.
1259 4301 1306 4363 (ab
1314 4304 1443 4369 Angusto
1456 4320 1499 4355 ex·

200 4383 312 4446 petita.)
355 4384 365 4415 ⁹
384 4385 433 4446 illi,
449 4401 530 4450 (piram
544 4387 696 4435 iuociosum
711 4386 870 4448 (iuotiosnm
885 4386 924 4452 2.)
939 4386 1156 4436 sacrificulorum
1169 4388 1413 4450 sollicitationem,
1434 4388 1499 4454 aliq.

200 4483 224 4515 c.
232 4483 258 4531 p.
272 4470 332 4516 edri.
352 4469 421 4518 Mihi
434 4472 601 4520 Franciseus
614 4472 708 4521 ‹ticero
720 4474 796 4522 visus
810 4479 853 4522 est
866 4472 953 4520 irrarlta
966 4471 1059 4521 Caroli
1079 4487 1160 4520 curas
1179 4478 1207 4520 et
1224 4470 1337 4521 labores
1357 4474 1500 4524 ardentius

201 4552 357 4617 efflagitare
377 4569 457 4618 quam
471 4562 501 4604 ut
513 4556 707 4621 irrdet'otigatis
722 4557 883 4607 clericorum
898 4557 972 4622 ipsos
986 4572 1047 4606 sese
1060 4557 1162 4620 ubique
1177 4557 1366 4621 ingerentium
1386 4555 1500 4623 [lnocin-

200 4634 299 4701 sorum]
313 4637 559 4689 sollicitationibus
572 4655 652 4691 arares
665 4641 790 4707 praebere
804 4643 899 4706 eisque
912 4643 982 4691 satis
996 4642 1091 4690 iacere
1104 4639 1211 4690 liceret.
1228 4641 1314 4689 ¹litatur
1327 4647 1405 4692 ettam
1417 4647 1502 4708 placet

201 4722 352 4771 inociosom
367 4738 438 4773 saer.
454 4724 681 4775 sollicitationem
697 4727 800 4791 aliquid
814 4742 911 4776 errrore
924 4728 1058 4790 potiatur.
1079 4726 1120 4775 Cf.
1134 4725 1207 4783 §.so
1253 4722 1275 4754 ²³
1288 4724 1429 4778 Curtisini
1441 4729 1499 4779 edd.
