3276 5414
373 843 442 905 Quis
460 843 532 893 bunc
550 842 689 908 dialogum
708 842 816 907 quando
835 843 978 908 scripserit
996 848 1024 892 et
1043 844 1092 892 ubi
1109 842 1215 893 editus
1229 842 1273 891 sit
1288 857 1349 890 non
1362 849 1475 889 constat
1496 842 1568 903 quill:

307 931 399 977 tenum
418 928 477 977 cius
501 932 641 977 auctorem
665 943 725 976 csso
749 927 803 977 sibi
827 932 1035 992 persuaserunt,
1061 933 1226 977 tantuma
1250 942 1325 975 vero
1351 941 1406 974 non
1425 927 1569 975 omninodo:

307 1028 367 1062 rare
387 1012 454 1062 mibi
472 1012 609 1063 videntur.
639 1012 791 1072 Huttenus,
812 1012 836 1060 si
848 1027 891 1060 rue
905 1012 996 1075 audis,
1015 1013 1151 1063 libellum
1166 1028 1229 1062 non
1246 1012 1420 1077 conposuit,
1440 1010 1470 1059 de
1482 1012 1575 1075 quanli

306 1113 342 1148 an
360 1096 508 1148 communis
527 1097 635 1162 opinio,
660 1110 732 1145 anno
751 1094 824 1155 1521.
850 1094 976 1153 cundem,
1001 1098 1061 1147 sine
1087 1097 1310 1163 probabilibus
1335 1096 1499 1149 rationibus,
1519 1095 1578 1144 adrn-

306 1183 372 1233 bere
391 1183 486 1243 solita,
508 1182 581 1232 lalsa
599 1197 651 1230 tion
671 1183 708 1230 sit
726 1181 829 1231 dubito.
866 1183 1003 1232 Huttcuus
1021 1198 1113 1248 neque
1136 1184 1169 1232 iu
1192 1183 1264 1248 ipsa
1287 1181 1485 1231 exlrortatioar·
1501 1181 1575 1229 turm

306 1266 442 1316 tiensibus
460 1269 566 1334 scripta
583 1274 639 1317 tarn
659 1266 852 1334 praedicatorio
872 1272 900 1316 ct
922 1265 1119 1332 κατηχητικώς
1140 1266 1375 1317 sacerdotalem
1394 1267 1533 1316 ‹lontrinan
1546 1283 1582 1315 rfa-

307 1352 444 1414 ccrvavit,
471 1367 550 1418 quam
574 1369 623 1418 pcr
645 1353 716 1402 bunc
741 1352 879 1418 dialogum
896 1352 1075 1403 Franciscum
1099 1359 1165 1402 tum
1192 1369 1230 1402 ex
1261 1351 1369 1403 bibliis
1393 1359 1451 1400 turn
1474 1366 1502 1399 ox
1517 1354 1584 1399 stan

306 1437 431 1504 patribus
450 1439 529 1503 qussi
547 1437 703 1488 insatiabili
722 1453 768 1487 ore
786 1437 897 1487 haurire
916 1437 1053 1498 videmus,
1078 1446 1108 1487 nt
1135 1440 1232 1487 mirer
1253 1438 1441 1487 straussiam
1463 1437 1540 1485 dicere
1554 1442 1585 1484 'ts

305 1524 471 1589 tdeotoplecbe
491 1522 704 1574 Gescdmdcbclren
724 1522 789 1586 seltlt
811 1538 910 1573 naama
932 1523 1064 1587 capraea
1085 1524 1248 1573 amcam:
1293 1523 1385 1572 Certe
1410 1523 1537 1571 lluttenns
1554 1523 1587 1569 dir

304 1594 455 1660 Francisco
472 1609 625 1658 Huttonurn
645 1595 769 1658 laudanti
787 1608 872 1659 verba
890 1623 971 1674 quam
989 1607 1088 1672 quibus
1104 1609 1217 1672 utitur,
1248 1623 1354 1672 neque
1373 1604 1542 1671 Sickingrnsi
1555 1607 1587 1654 (ι’-

257 1678 265 1693 '
290 1685 376 1744 'lidae
394 1693 544 1758 doctiloqui
563 1693 754 1759 praedicatoris
773 1698 867 1758 partos
885 1692 1039 1753 tribuisset;
1064 1693 1215 1743 Hrrttenus
1238 1695 1267 1742 ai
1292 1709 1332 1742 cx
1351 1694 1414 1743 suis
1433 1694 1491 1773 ipse
1506 1692 1588 1756 dialogi

306 1794 366 1844 qum
386 1779 448 1828 inde
467 1785 577 1844 sumpta
596 1786 659 1828 sunt
677 1783 816 1828 mutuatus
835 1783 922 1841 esset,
946 1793 994 1844 pro
1017 1793 1066 1827 auo
1089 1794 1170 1828 more
1196 1779 1287 1844 prius
1314 1778 1400 1828 dicta
1420 1781 1546 1835 acuisset,
1562 1790 1589 1825 ar·

305 1866 399 1925 nisset,
420 1864 628 1930 amplificarent,
647 1862 832 1914 nobilitasset.
862 1861 987 1913 Clericus
1000 1863 1061 1924 t'uit,
1081 1878 1137 1913 non
1152 1864 1328 1923 Huttenua,
1350 1865 1402 1929 qui
1415 1864 1517 1913 Novum
1527 1864 1584 1911 tiara

305 1949 430 2000 bensium
454 1950 611 2014 conposuit,
637 1949 686 1999 scd
710 1947 898 2013 clericuquui
921 1962 982 1997 eum
998 1948 1121 1998 Hutteno
1139 1948 1384 2015 Ebernburgam
1412 1949 1591 1999 inhabitarent

306 2035 451 2084 Francisci
471 2033 667 2084 consuetudine
686 2048 752 2083 usus
771 2033 884 2098 eiusque
902 2032 1022 2082 animum
1039 2033 1249 2099 ingeniumque
1271 2051 1329 2101 pro
1350 2051 1405 2085 suo
1426 2036 1512 2100 ipsias
1530 2035 1592 2082 saise

306 2119 472 2186 ingenioque
490 2120 703 2185 interpretatus,
721 2118 840 2168 Hutteni
859 2117 943 2167 etiam
962 2118 1082 2183 scripta,
1101 2117 1130 2167 in
1150 2119 1262 2184 primis
1283 2135 1382 2170 noros
1403 2121 1434 2169 in
1453 2121 1511 2185 ipso
1522 2119 1592 2169 liben-

305 2205 391 2271 burgo
411 2204 566 2270 conpositos
584 2203 710 2269 dialogos
727 2203 797 2252 bene
817 2200 963 2251 inbiberat.
999 2202 1041 2253 De
1060 2200 1297 2270 Oecolampadio
1319 2221 1384 2272 prae
1405 2206 1488 2263 aliia,
1504 2205 1593 2270 prebe

306 2305 384 2350 cero,
407 2288 508 2354 Aquila
527 2280 754 2353 Scbwobclioquc'
775 2287 901 2353 equidem
920 2287 1025 2351 cogito,
1050 2287 1266 2339 Canonicorurn
1289 2290 1479 2341 indoctorum
1496 2289 1594 2339 Latias

305 2389 399 2425 norum
418 2379 514 2424 contra
532 2373 649 2442 Eritium
668 2372 822 2433 defensore,
843 2371 1062 2423 Christianarum
1080 2373 1297 2439 tragoediarum
1319 2379 1478 2443 scriptore,
1498 2375 1595 2425 ursan

305 2461 471 2510 admiratore
491 2464 519 2508 at
536 2459 719 2513 confessionis
732 2474 756 2522 q.
770 2473 795 2508 r.
809 2456 1071 2523 auricularis'osore,
1090 2473 1170 2524 quem
1185 2476 1212 2509 a.
1231 2459 1319 2509 1522.
1342 2462 1526 2526 Ebernburgi
1536 2459 1596 2522 tbq·

221 2546 228 2558 ⁹
305 2551 454 2597 sostornum
473 2543 649 2594 transtulisse
668 2544 780 2598 scimus.
808 2548 835 2592 et
853 2543 899 2607 qui
912 2547 1013 2608 ,postca
1031 2543 1185 2593 lluttanum
1205 2552 1337 2596 secutus
1358 2547 1496 2597 domibus
1512 2546 1596 2595 institia

305 2630 413 2683 relictis
437 2630 571 2680 Aleatiam
596 2629 808 2692 Helt'ctiamquo
831 2628 922 2694 petiit.
958 2628 1008 2679 sed
1031 2629 1149 2679 certiora
1174 2644 1268 2695 quarn
1296 2632 1441 2697 equidem
1466 2633 1597 2685 coniectus

305 2715 420 2781 adsequi
438 2715 528 2781 potui,
548 2714 631 2764 velim
651 2715 685 2764 ab
704 2713 769 2763 aliie
788 2713 897 2779 exponi.
932 2713 1043 2763 Editurn
1061 2728 1122 2765 esse
1139 2713 1216 2766 bunc
1235 2715 1401 2783 dialogum
1423 2724 1492 2768 ante
1510 2733 1535 2768 a.
1547 2716 1596 2766 ltu

304 2806 335 2850 ut
353 2799 420 2849 mihi
443 2799 608 2871 persuadere
633 2813 780 2864 nequeam,
805 2797 914 2848 iaciunt
937 2800 1021 2849 ctiam
1045 2799 1160 2864 triginta
1184 2801 1233 2865 qni
1262 2801 1385 2853 adiecti
1413 2808 1484 2853 sunt
1506 2801 1597 2853 articuli

305 2900 394 2949 neque
419 2885 543 2934 lluttrno
566 2898 654 2949 noque
678 2882 908 2948 Oeeolampadio,
938 2884 987 2934 aed
1010 2884 1142 2934 fanatica
1165 2886 1265 2949 potius
1293 2888 1363 2937 cius
1396 2889 1536 2939 factionis
1558 2902 1597 2953 qn

305 2968 399 3036 paullo
422 2976 484 3034 post
508 2969 700 3018 infelicissime
725 2968 861 3033 prorupit,
886 2966 1113 3019 febricitantibus
1136 2969 1223 3019 sociis
1247 2974 1362 3022 nescio
1389 2974 1498 3038 quibus
1521 2974 1598 3023 adsta

304 3054 395 3106 bandi.
432 3054 523 3119 Siquis
541 3053 639 3103 librum
659 3070 691 3103 ox
709 3053 826 3104 Andreae
844 3053 1066 3129 (lartandrirsive
1085 3053 1232 3104 Cratandri
1258 3056 1393 3107 oflicina
1420 3060 1556 3125 prodiisse
1569 3059 1598 3107 de

303 3143 481 3200 monstraret,
507 3138 579 3188 baud
603 3138 663 3189 leve
683 3139 805 3204 opinioni
823 3139 856 3188 dc
876 3139 1090 3206 Occolampadio
1109 3145 1224 3189 auctore
1242 3143 1365 3206 pondus
1394 3145 1476 3195 idem
1500 3145 1599 3195 adderet

303 3225 372 3277 Utut
391 3239 434 3274 res
452 3224 552 3285 babet,¹
576 3230 651 3274 racto
671 3225 837 3273 lluttcniani
861 3224 964 3288 ingenii
983 3223 1046 3274 buia
1065 3224 1174 3290 dialogo
1194 3224 1289 3275 multa
1311 3228 1418 3279 inesse
1439 3230 1548 3280 indicia
1562 3231 1600 3278 ian

303 3311 367 3362 olim
385 3309 624 3376 deprehenderunt
640 3308 698 3363 olii,
717 3309 787 3373 quod
807 3309 865 3374 ipae
885 3323 990 3374 quoquc
1009 3310 1166 3371 significare
1185 3308 1262 3360 volui
1285 3315 1500 3378 superioribus
1517 3313 1600 3365 deseri

303 3396 422 3461 falsique
441 3395 624 3445 conmixtione
644 3393 736 3445 verbis
753 3396 830 3442 arcis.
1215 3404 1219 3413 ·

369 3481 504 3545 Exempla
521 3480 603 3528 buius
627 3478 732 3543 dialogi
755 3479 889 3545 ‹loscripsi
908 3479 995 3530 Iudic.
1010 3480 1136 3546 bibliogr.
1150 3497 1175 3529 n.
1190 3479 1288 3531 xm
1312 3483 1364 3532 ubi
1386 3484 1427 3535 de
1449 3485 1601 3537 manchino

302 3568 372 3617 satis
391 3566 493 3615 dictum
512 3569 562 3615 est.
599 3563 734 3613 Schedius
753 3563 787 3613 ad
807 3565 1010 3631 orthographia·
1029 3566 1107 3631 loges
1125 3565 1195 3631 quod
1215 3566 1342 3625 attinet,
1365 3585 1423 3620 cas
1443 3577 1558 3622 secutus
1571 3580 1603 3619 est

303 3668 363 3717 quu¹
383 3652 410 3700 in
429 3651 543 3700 calendis
562 3650 641 3699 libris
660 3664 727 3713 «quos
746 3664 875 3699 vocamus
893 3650 1152 3701 mittetdorltdeatarde
1171 3648 1305 3700 adbiberi
1326 3652 1446 3711 solent,
1475 3658 1531 3709 nisi
1548 3655 1604 3722 qnod

303 3739 350 3786 clos
374 3744 402 3785 ct
425 3737 481 3800 dall
499 3734 648 3784 recentiori
668 3750 740 3784 moro
760 3735 894 3784 distinxit.
931 3737 1024 3801 itaque
1043 3735 1194 3800 saepissime
1211 3737 1222 3783 i
1240 3750 1291 3801 pro
1311 3754 1341 3800 y,
1363 3757 1381 3788 a
1402 3757 1460 3806 pro
1479 3760 1526 3809 aa,
1539 3744 1557 3807 s
1568 3757 1604 3807 pre

299 3823 334 3887 ff,
352 3824 375 3886 (t
393 3838 440 3886 pro
456 3821 488 3885 ff
500 3819 543 3870 vol
561 3837 588 3877 a,
606 3819 624 3868 l·
641 3836 689 3885 pro
707 3820 751 3880 rb,
772 3837 783 3868 z
802 3835 850 3885 pro
868 3827 892 3868 t:
911 3821 1002 3885 posuit
1020 3820 1175 3884 similiaque
1194 3820 1365 3874 inmutavit.
1407 3830 1524 3878 rectius
1541 3827 1605 3878 nobis

301 3906 389 3955 visum
409 3911 452 3956 cst
471 3905 615 3970 archetypi
634 3906 735 3955 tonnas
754 3910 890 3982 quantum·
904 3904 963 3955 lieri
981 3907 1081 3972 potuit,
1106 3905 1154 3955 scd
1177 3920 1233 3955 non
1253 3910 1358 3959 omnia
1377 3914 1536 3978 scripturae
1555 3929 1605 3963 con·

302 3990 403 4056 pendia
422 3990 462 4054 (ut
480 3987 498 4044 ti
516 3995 527 4043 i
548 3988 618 4043 ritui
636 3996 664 4039 ct
681 3989 793 4052 similia)
817 3992 951 4054 retinere,
977 4007 1061 4056 quaro
1082 3992 1442 4063 praeter.interpungendi
1470 4002 1606 4059 rationem

302 4076 356 4125 nisi
375 4076 422 4124 ubi
442 4076 620 4125 adnotatione
639 4075 844 4139 diligentiorem
861 4077 993 4127 lectorem
1012 4077 1242 4135 admonuerimus,
1263 4077 1342 4129 nibil
1363 4084 1552 4136 innovamus.
