3276 5414
242 481 479 534 Pireirbeimerum
502 479 607 545 dialogi
624 479 703 529 Eceii
726 477 850 529 dedolati
871 449 1015 528 auctorem
1045 492 1116 527 esse
1139 477 1170 526 si
1192 490 1254 525 non
1274 473 1410 539 probasset
1423 480 1464 523 riu
1495 526 1498 532 ,

89 567 92 572 “
176 569 225 619 lios
243 569 301 617 tore
322 573 431 617 centum
451 582 536 616 anuos
556 564 719 614 Riedererus
738 562 864 631 (brattea
881 560 1353 629 eutmditiormctiertsnttunten
1369 556 1463 612 uuna
1496 556 1499 623 j

177 653 215 707 bie
227 652 339 720 biuhti,
360 652 443 716 residu
456 649 490 703 a.
505 640 642 703 ecr'uitu
661 651 706 700 teu
724 645 765 707 id.
779 647 815 701 ἢ.
828 645 918 711 iutbu
936 647 971 699 im
984 645 1062 712 gabr
1079 646 1157 697 1520
1171 652 1275 715 strepa
1295 647 1338 707 bet
1389 643 1464 695 alcen.

179 736 251 790 true.
270 738 327 799 dii),
349 735 432 786 facile
451 734 532 784 hodie
552 740 579 784 et
598 733 704 798 plenius
723 733 807 782 etiam
825 733 936 798 probari
953 738 1060 798 posset.
1101 731 1168 782 Cur
1181 747 1293 781 nomen
1312 744 1389 780 suum
1402 740 1466 778 anau

177 839 230 873 uon
250 822 379 879 ediderit,
402 836 481 870 nemo
500 824 544 870 est
563 821 610 885 qui
633 833 687 868 uon
706 818 814 879 videat3
838 818 887 868 sed
911 832 958 867 eur
975 816 1056 866 Petri
1077 817 1248 866 Francisci
1268 814 1467 876 Cettslsmbergi

176 909 235 958 sive
258 905 486 970 Cottalembergii
512 904 571 955 sibi
593 903 714 960 tinxerit,
745 903 863 953 nondum
891 902 958 953 mibi
986 902 1179 967 exploratum
1207 907 1266 951 est.
1306 902 1348 950 Dc
1377 908 1466 963 tempus

176 990 312 1057 publicati
330 991 410 1040 liuius
428 989 546 1054 dialogi,
566 1004 637 1038 auno
656 1004 769 1045 maxx,
789 987 892 1037 nullum
910 986 1021 1037 dubium
1041 1002 1079 1052 ex
1100 985 1243 1052 epistula
1263 987 1343 1036 Petri
1358 986 1468 1034 l'raneiai

177 1076 217 1139 (id
229 1082 272 1125 est
282 1075 369 1140 ipsius
379 1074 512 1124 Bilibaldi
522 1072 734 1136 Pirekheimari)
746 1087 826 1138 quam
840 1071 891 1123 vel.
903 1073 924 1122 1.
943 1088 969 1136 p.
982 1070 1044 1131 438,
1055 1087 1100 1137 sq.
1115 1087 1296 1122 num.ccx1.
1318 1070 1468 1120 exliibniaa

176 1161 314 1210 hausisset
333 1159 498 1208 lliedererns
517 1158 554 1222 (p.
571 1156 638 1220 154.)
661 1157 685 1207 si
708 1165 790 1208 recte·
809 1158 869 1206 eius
888 1151 1013 1221 epistulae
1035 1154 1115 1206 diem
1143 1155 1234 1218 (vrri.
1251 1155 1372 1206 Calend.
1386 1155 1469 1203 Ianus.

176 1246 254 1294 Anno
272 1243 388 1304 mnu.)
409 1243 443 1292 ad
462 1248 605 1309 exeuntem
624 1229 724 1291 annum
746 1240 831 1303 itta,
857 1256 910 1291 nou
935 1239 1007 1296 1519,
1031 1240 1224 1304 rettulisset,
1252 1247 1286 1291 ut
1312 1240 1403 1289 multis
1422 1237 1470 1285 locis

177 1331 236 1395 ipse
255 1328 380 1391 dialogus
399 1327 556 1377 iaciendum
581 1328 641 1377 esse
667 1330 762 1391 aperto
786 1325 875 1376 docet.
911 1326 1013 1391 Aperte
1031 1325 1186 1375 Lutherus
1207 1326 1238 1376 d.
1256 1324 1301 1375 10.
1317 1322 1471 1375 luia-liiii.

179 1414 212 1462 ad
232 1412 403 1478 Spoletinum
422 1412 467 1474 (de
480 1413 574 1462 Wette
593 1413 615 1462 1.
628 1429 655 1477 p.
668 1410 740 1476 465.)
760 1411 893 1473 „Eccium
912 1409 1070 1460 dedolatum
1084 1410 1241 1460 Erfordioe
1263 1426 1397 1460 excusum
1413 1408 1472 1456 bodie

178 1514 219 1547 me
239 1503 411 1563 recepturum
430 1499 536 1562 spero.”
572 1497 677 1547 Nomen
689 1496 793 1562 dialogi
813 1492 921 1545 ‘Eccius
934 1494 1087 1545 dedolatus'
1109 1494 1298 1546 Germanice
1314 1496 1403 1544 minas
1419 1499 1473 1540 reete

177 1582 230 1636 ‘bu
249 1580 404 1652 uigebebette
423 1582 478 1646 ee,
503 1597 584 1647 quam
602 1579 654 1635 iter
673 1581 769 1637 entedte
788 1581 842 1645 (id,
865 1581 925 1631 sive
944 1570 1023 1630 malis
1041 1578 1097 1633 itte
1117 1579 1259 1653 obgeadte
1275 1580 1336 1642 (id,
1363 1578 1474 1643 explicui

178 1669 236 1732 ipse
256 1671 353 1716 auctor
370 1666 393 1725 §-
410 1660 466 1716 106.
479 1665 626 1724 indicavit,
651 1666 792 1731 magisque
817 1664 940 1715 tabulam
962 1664 1220 1716 siveueomoediam
1243 1680 1332 1731 quam
1359 1664 1474 1729 dialogus

179 1752 300 1801 seribere
320 1750 440 1801 voluisse
453 1750 635 1814 Bilibaldum,
656 1768 689 1801 ex
707 1752 768 1817 ipsa
781 1753 805 1811 Ι.
820 1750 876 1802 124,
896 1748 1035 1814 conligere
1054 1747 1134 1800 lieet.
1175 1751 1337 1817 Exemplis
1356 1765 1419 1800 usus
1434 1761 1476 1797 suu

178 1841 306 1901 quattuor
323 1836 367 1885 uis

182 1939 202 1988 l.
228 1942 296 2016 §a
327 1931 655 1999 ECUIVSlosnonsrvs
674 1934 778 2003 svltorc
798 1938 901 1987 loanne
920 1933 1058 1987 francisco
1078 1933 1083 1999 Ι
1107 1935 1477 2004 Cottalambergioll’uets

245 2022 415 2087 Lauzlrcato.
453 2022 531 2084 [Here
547 2023 624 2072 verbu
642 2029 761 2088 quattuor·
778 2025 862 2072 toeniis
878 2022 1061 2087 agiographiae
1078 2024 1158 2086 piae
1177 2024 1373 2078 includuntur.
1394 2027 1416 2070 br
1434 2038 1478 2086 qro-

245 2125 298 2156 rum
315 2113 448 2171 ereperiore
466 2115 504 2157 est
524 2106 588 2156 talu
617 2107 696 2157 Liber
713 2114 812 2157 coratot
823 2106 857 2155 ‘20
871 2107 942 2170 foliis
953 2106 989 2155 4⁰.
1008 2123 1111 2172 priorum
1123 2109 1209 2171 primi
1228 2116 1257 2157 et
1271 2110 1404 2172 postremi
1415 2121 1478 2156 rene

247 2197 349 2256 pugium
373 2210 389 2240 n
411 2194 540 2256 scripturo
562 2199 661 2244 uocem.
698 2193 762 2242 Loci
784 2194 892 2257 annique
911 2191 1089 2256 publicationis
1113 2194 1213 2241 niellam
1242 2194 1373 2243 inelieiusr
1400 2193 1478 2254 foetu

247 2285 293 2325 est.
310 2280 423 2340 plagula.»
440 2279 548 2340 signetis
566 2284 624 2326 aaut
643 2277 733 2340 Α...ΕΙ

180 2379 204 2427 2.
229 2376 333 2435 errius
351 2376 497 2442 attulimus
521 2384 623 2444 antbert
641 2375 868 2445 jocularitatem
884 2377 888 2442 Ι
903 2377 1117 2442 ευηαξιειπδετῃίσ
1137 2374 1247 2442 νοεεξια
1269 2384 1403 2433 laurate.
1420 2376 1424 2440 Ι
1439 2377 1480 2437 ilr-

247 2464 352 2526 seriptio
366 2461 501 2513 includitur
516 2467 670 2513 ornaruentis
686 2465 878 2528 apjioprnplricis
897 2467 981 2529 qrinliu
998 2465 1189 2527 conspiciuntur
1210 2470 1240 2514 r'a
1255 2482 1311 2515 non
1332 2469 1410 2515 aretiis
1426 2463 1481 2512 libel-

248 2549 278 2596 u's
302 2546 440 2610 „etetrucu
460 2563 489 2614 511
507 2547 666 2618 {destituta
691 2549 761 2613 tired>
779 2547 907 2613 dbriitiou
931 2545 1086 2615 {littinges
1124 2548 1240 2597 &natat
1260 2552 1370 2600 libellas
1392 2548 1423 2597 lu
1436 2549 1481 2609 sut.

248 2633 297 2693 4⁰„
317 2634 423 2696 signatis
441 2631 530 2695 λβ.
567 2634 684 2683 Secunda
702 2635 835 2699 ultimoque
851 2636 953 2698 pagium
976 2639 1061 2683 eman·
1074 2620 1162 2695 sum.)
1198 2634 1270 2684 Hoc
1292 2636 1419 2699 sortasse
1440 2634 1481 2697 pri

247 2735 308 2768 mum
326 2720 464 2781 exemplum
481 2724 529 2767 est.

180 2819 204 2870 3.
230 2820 302 2869 Ideni
324 2820 421 2869 amnuo
445 2827 521 2885 atque
545 2821 569 2867 2.
588 2825 739 2886 esernptwn,
763 2823 812 2870 uisi
834 2822 902 2886 quod
924 2827 1029 2886 quantus
1051 2819 1228 2884 inscriptionis
1254 2837 1353 2873 uersus
1377 2820 1482 2885 {ibatis

247 2906 308 2970 vot:
328 2911 352 2953 et
370 2908 395 2953 tn
413 2907 492 2968 ipsius
509 2911 595 2954 teatio
614 2921 684 2970 quem
702 2921 816 2956 vocamus
834 2921 883 2955 non
896 2909 976 2955 nullas
987 2909 1126 2955 litterarum
1138 2905 1348 2970 discrepantias
1360 2907 1446 2957 dubet.
1461 2911 1482 2952 et

247 2993 328 3039 solent
347 3005 376 3038 eo
394 2995 506 3053 ternpore
519 2993 635 3054 eoeenipio
647 2992 733 3039 iisdem
745 2985 861 3055 typorum
870 2990 972 3053 fornia.
990 2991 1038 3039 sed
1049 2990 1154 3038 diuersis
1166 2992 1337 3053 temporibus
1349 3007 1481 3056 expresso.

180 3093 204 3140 4.
225 3092 360 3141 lliedereri
377 3090 417 3144 tib.
431 3093 472 3143 eit.
486 3107 568 3157 pagg.
588 3090 723 3147 l57.,.lill.
761 3090 910 3155 (lttedereri
926 3094 1124 3154 adnotationem,
1143 3089 1187 3140 ubi
1203 3094 1280 3142 utitis
1299 3095 1482 3145 militenses.

249 3179 340 3226 Latine
357 3176 459 3226 subiect.

248 3280 290 3328 De
310 3285 423 3342 utroque
443 3278 553 3343 dialogo
579 3278 702 3339 adiecto,
722 3279 892 3329 Decoctiene
911 3278 993 3329 Eekii
1012 3283 1040 3327 et
1058 3277 1147 3327 Eekio
1166 3279 1328 3342 monacho,
1353 3282 1482 3332 nescios

183 3379 300 3427 quonam
320 3368 433 3412 auctore
452 3365 603 3428 conpositis
623 3362 707 3412 facilc
727 3379 774 3412 cur
793 3365 943 3415 adiecerim
961 3363 1118 3429 adparebit:
1137 3368 1203 3412 suut
1221 3365 1304 3415 euim
1324 3368 1412 3431 quasi
1430 3381 1482 3415 snr-

183 3448 238 3497 culi
258 3464 290 3497 ex
308 3448 564 3497 Pirekhcimcriaue
583 3447 692 3511 dialogo
713 3465 729 3496 a
748 3449 862 3513 quodam
882 3465 970 3498 rerum
988 3447 1153 3498 naturalium
1172 3448 1306 3499 studioso
1326 3452 1416 3501 nimis
1435 3452 1483 3500 lor·

182 3538 257 3582 tasse
276 3533 442 3582 naturaliter
460 3533 564 3582 educti:
584 3549 647 3582 nam
666 3533 799 3582 medicum
821 3535 905 3583 fuisse
925 3535 969 3597 qni
987 3533 1036 3582 lies
1054 3532 1176 3595 dialogos
1196 3533 1328 3598 scripsit,
1343 3536 1482 3586 lectorem

183 3620 227 3667 vix
254 3618 350 3682 fugiet.
376 3617 423 3679 (cf.
439 3620 522 3666 etiam
541 3617 707 3680 lieedcdol.
722 3620 745 3677 §-
762 3617 814 3681 ts.)
839 3619 1039 3686 obscenitatem
1064 3623 1154 3666 autem
1177 3617 1306 3666 Ecliillm
1332 3635 1391 3669 non
1416 3619 1481 3669 nibil

184 3704 328 3751 excusabit
351 3702 420 3766 quod
445 3703 553 3752 luxuria
578 3703 769 3753 monachorum
792 3705 846 3753 nisi
871 3703 1072 3768 plumbatarum
1095 3701 1194 3750 ictibus
1219 3719 1271 3767 pro
1305 3705 1480 3755 sorditudine

184 3802 234 3836 sua
252 3786 333 3849 digne
355 3788 424 3836 eoedi
443 3803 496 3837 non
515 3788 611 3851 potuit.
649 3787 770 3852 Scriptus
790 3804 849 3838 esse
870 3789 917 3837 lies
941 3787 1065 3852 dialogos
1088 3801 1142 3835 uon
1164 3786 1204 3834 ita
1230 3787 1319 3853 longe
1339 3797 1412 3855 ‘post
1431 3791 1478 3840 Ec-

185 3873 255 3920 cium
274 3871 430 3921 dedolatum
444 3872 619 3921 crediderim:
638 3888 701 3922 nam
714 3873 895 3934 Philemonis,
916 3889 976 3923 cum
990 3871 1185 3931 scriberentur,
1205 3871 1283 3921 inter
1296 3875 1380 3924 vivos
1396 3876 1480 3925 fuisse

185 3957 303 4018 videtur,
330 3962 358 4005 et
381 3973 440 4021 quoe
466 3958 498 4007 de
522 3957 741 4007 Lutlierauorum
763 3959 946 4008 matrimoniis
968 3957 1074 4022 profert
1096 3953 1221 4018 Eekilla,
1247 3971 1305 4006 non
1332 3960 1370 4010 ad
1395 3962 1480 4026 ipsius

183 4024 297 4090 Lutheri
316 4043 426 4105 nuptias
445 4042 590 4092 reserenda
608 4048 679 4094 saint.
715 4047 851 4108 praeterea
869 4042 936 4092 belli
955 4041 1153 4091 rusticanorum
1166 4039 1292 4105 aliquam
1307 4046 1478 4096 mentionem

185 4126 348 4174 iniecturuni
367 4132 507 4176 auctorem
527 4126 701 4184 crediderim,
721 4128 745 4177 si
763 4133 825 4193 post
842 4127 894 4176 has
912 4129 1021 4191 nuptias
1034 4125 1199 4190 scripsisset.
1237 4127 1409 4194 Exemplum
1428 4147 1478 4198 que

185 4227 248 4260 usim
272 4227 343 4274 sum,
369 4218 431 4261 octo
454 4211 530 4261 soliis
549 4210 690 4276 quadratis
710 4212 777 4274 (AB
796 4210 925 4276 signatis)
951 4213 1071 4271 constat,
1098 4221 1208 4275 quorum
1227 4211 1361 4265 ultimum
1381 4223 1476 4277 tutum,

184 4296 337 4361 penultimi
356 4295 471 4346 dodrans
491 4313 507 4346 a
524 4297 661 4361 scriptura
681 4302 789 4348 vacant.
824 4296 900 4346 locus
919 4300 947 4345 et
966 4310 1051 4346 annus
1064 4295 1267 4360 publicationis
1280 4314 1340 4350 non
1354 4301 1477 4351 indicau-

139 4408 143 4417 ·
186 4387 236 4429 tier.
275 4381 420 4445 Inscriptio
439 4382 480 4431 sie
498 4381 595 4430 habet:
621 4385 689 4457 §a
717 4380 831 4430 DIALO
858 4382 928 4457 Q}
948 4379 952 4441 Ι
969 4381 1035 4431 G1›
1058 4380 1373 4445 loscocr10.lscnrvs
1393 4403 1478 4436 noun·

185 4479 262 4514 cuvs.
280 4469 284 4522 Ι
299 4466 394 4515 Amico
410 4465 414 4529 Ι
431 4466 490 4528 (etc.
510 4482 587 4530 eisque
605 4468 640 4514 ud
656 4483 678 4514 u.
696 4469 699 4530 Ι
715 4468 737 4516 V
740 4472 894 4531 ranopetes.
911 4463 916 4532 Ι
931 4474 956 4514 nt
975 4464 1046 4514 inira
1064 4464 1197 4515 dedimus.

1203 4576 1216 4604 l
