3276 5414
275 359 322 429 96
538 375 604 425 1111.
675 391 812 426 sonorus.
849 392 989 427 manners
1010 393 1194 429 uvrrnurcrs.
1214 379 1298 446 (rota.)

336 563 489 604 ronrvun.
528 541 610 603 Hanc
634 551 732 605 tecum
757 543 804 605 ille
827 554 959 615 voverat,
983 547 1006 605 si
1030 556 1110 607 reete
1132 549 1261 608 tuemini.

337 664 508 706 uvrrnuvs.
547 646 606 705 Cur
629 646 691 724 ipse
714 648 878 724 impetrarit
900 649 989 724 igitur
1011 649 1128 726 potius?

338 767 491 809 rourvua.
529 745 602 816 Onia
626 748 700 806 lorte
723 746 789 825 plus
811 747 944 826 vigilavit..

337 869 509 910 urnruuvs.
547 848 591 908 dli
614 849 694 927 plus,
724 850 773 928 qui
801 869 951 929 nunqnam
980 859 1060 912 recte
1088 851 1185 929 rigilat
1207 860 1236 913 et
1258 872 1346 932 quem
1368 855 1503 932 oportuit
1526 874 1570 914 so·

205 952 382 1015 §.otrordia
404 968 505 1030 punias
528 950 598 1009 dare
621 969 695 1020 sua»,
719 969 777 1009 nou
800 951 931 1012 debitum
955 952 1104 1012 industriis
1120 953 1230 1014 bonurn
1245 954 1389 1015 obtinere.
1428 956 1588 1021 'triveras

273 1061 305 1114 ut
327 1053 426 1121 rideo,
456 1051 525 1134 illud
558 1070 589 1112 es
616 1052 779 1122 theatrum,
808 1054 836 1112 iu
865 1073 923 1133 quo
946 1055 1055 1133 optima
1078 1073 1156 1133 serpe
1179 1054 1242 1116 loea
1266 1056 1460 1135 indignissimi
1484 1056 1570 1136 aliqui

273 1157 400 1234 rapiunt.

336 1276 488 1318 rorarunt.
527 1256 621 1333 dtque
645 1255 691 1315 illa
715 1274 769 1333 ego
793 1274 857 1315 sum
881 1275 983 1325 scoria,
1008 1276 1043 1317 ox
1066 1276 1124 1336 qua
1147 1257 1217 1318 alias
1240 1258 1287 1318 alii
1310 1259 1404 1320 induti
1428 1279 1569 1339 personas

273 1358 435 1436 prodeunt,
460 1375 621 1435 rursusque
644 1358 769 1425 intrant,
794 1364 881 1436 atque
904 1359 1010 1418 lterum
1027 1367 1168 1419 exeuntes
1190 1361 1329 1439 depositis
1350 1362 1505 1440 prioribus
1521 1382 1570 1421 uo·

272 1478 322 1519 ras
344 1460 483 1519 coritinno
499 1458 669 1528 adsumunt,
693 1461 789 1537 utqui
806 1459 892 1538 paulo
907 1467 974 1519 ante
990 1459 1085 1520 servili
1102 1460 1202 1521 habitu
1219 1465 1370 1540 consperti
1392 1471 1478 1531 sunt,
1502 1483 1599 1523 moxu

273 1579 359 1639 reges
380 1561 437 1620 siut
460 1567 509 1619 aut
531 1561 704 1630 tetrarclue,
729 1569 830 1622 rorrtra
854 1563 902 1639 qui
926 1563 1075 1641 prinripes
1097 1579 1194 1641 nuper
1217 1562 1398 1632 retulerunt,
1423 1562 1511 1624 aliam
1526 1583 1570 1624 re·

275 1669 361 1740 pente
384 1662 477 1722 induti
500 1680 656 1740 personam
680 1663 823 1723 cardones
846 1665 903 1722 siut
925 1670 975 1723 aut
997 1665 1173 1741 carpentarii
1196 1665 1274 1724 liant.
1458 1744 1468 1751 -

205 1778 262 1828 §.aa
337 1784 508 1826 uvrrnurs
547 1763 583 1822 Et
605 1763 651 1824 illa
674 1772 704 1824 tn
729 1784 774 1833 οε,
799 1772 953 1845 utramque
977 1766 1113 1844 paginam
1129 1784 1194 1845 qua
1209 1767 1295 1835 lamis,
1318 1766 1382 1827 aliis
1399 1769 1570 1846 imprimens

272 1867 431 1935 tristitiam,
455 1865 518 1925 aliis
539 1866 707 1926 discutiens.

334 1988 488 2029 ronrvua,
528 1967 563 2026 Et
585 1966 632 2026 illa
655 1985 710 2044 ego
734 1970 761 2028 in
786 1988 832 2029 me
855 1967 1036 2047 corupleetor
1060 1968 1217 2029 llerrmeriti
1242 1971 1360 2030 uumiua
1376 1970 1482 2041 sirnul‚
1506 1972 1597 2032 Pir-u

272 2088 339 2128 nam
363 2078 391 2130 et
413 2070 602 2130 Beneficium.

336 2192 507 2233 uvrrnuvs.
545 2173 602 2231 dut
630 2171 777 2250 quoddam
806 2180 889 2232 estu
913 2171 1059 2232 lulirieum
1082 2174 1145 2232 vitan
1167 2173 1309 2241 stadium,
1341 2175 1369 2234 in
1393 2192 1454 2252 quo
1479 2167 1567 2235 rursi-

272 2281 367 2333 tautes
389 2272 528 2334 labuntur
549 2272 714 2352 plerunque
737 2282 766 2333 et
788 2292 905 2334 rursum
930 2283 1090 2352 corrugant,
1120 2293 1330 2354 nonuunquam
1360 2295 1398 2335 ire
1421 2285 1569 2354 exurgunt

273 2375 407 2453 quidem,
431 2374 477 2434 alii
500 2374 571 2434 alios
594 2377 790 2453 praeveniunt,
820 2395 851 2438 se
874 2378 995 2435 iruieem
1019 2394 1121 2436 omnes
1144 2384 1297 2454 premunt,
1326 2379 1412 2456 pauri
1434 2377 1567 2438 lirarium

179 2520 183 2527 -
272 2478 485 2557 adsequuntur,
508 2476 609 2555 plures
631 2495 721 2537 eursu
743 2478 849 2538 defessi
872 2479 1025 2556 pirminium
1041 2496 1128 2537 ornne
1144 2478 1317 2557 desperant,
1341 2481 1371 2539 in
1386 2486 1483 2540 totum
1500 2496 1596 2541 ron-u

272 2580 362 2639 tentio
386 2587 437 2638 est.
483 2579 518 2638 m
541 2586 572 2639 nt
594 2579 689 2639 dicam
712 2580 791 2658 quod
815 2581 925 2648 sentio,
949 2579 1020 2639 nihil
1043 2581 1137 2640 estin
1160 2588 1189 2640 te
1210 2580 1327 2649 stabile,
1351 2581 1423 2641 uilril
1440 2583 1567 2651 firmum,

272 2681 383 2759 aquato
406 2700 441 2741 ae
462 2681 603 2749 solidum,
632 2682 710 2742 varia
733 2683 844 2750 omnia,
863 2681 1003 2750 luluiea,
1035 2698 1104 2758 vaga
1133 2681 1219 2747 etde
1243 2681 1318 2741 larili
1341 2683 1467 2744 invicem
1490 2703 1567 2744 rom·

273 2782 430 2844 rrrrrtalrilia.

203 2898 263 2948 §.aa
337 2906 488 2947 rorrrrua.
527 2886 574 2945 Sic
597 2886 693 2954 aiunt,
724 2892 753 2946 et
775 2884 822 2946 alii
844 2894 969 2947 matrem
992 2905 1039 2946 me
1062 2885 1202 2954 salutant,
1232 2903 1387 2946 normram
1417 2886 1466 2948 alii
1489 2887 1567 2949 dete·

272 2994 394 3047 stautur.
950 3049 956 3063 ⁸
1325 3026 1330 3041 ,
1571 3002 1595 3041 u

333 3108 507 3152 nrrrnuvs.
545 3090 688 3151 Nimirum
710 3088 783 3149 alios
805 3108 871 3150 rrum
895 3088 1002 3149 lilande
1025 3091 1138 3159 leneas,
1163 3089 1234 3149 allos
1256 3088 1415 3150 crudeliter
1430 3089 1566 3169 adlligas:

271 3191 321 3251 utu
344 3192 413 3251 illud
437 3193 508 3252 iaris
536 3193 660 3270 optime,
689 3192 767 3270 qnod
797 3210 854 3251 nou
886 3199 1013 3269 perstas,
1044 3210 1102 3269 quo
1133 3193 1229 3251 miuus
1258 3193 1364 3252 ellerre
1394 3210 1426 3251 se
1449 3194 1501 3271 qui
1523 3211 1567 3253 se·

272 3294 396 3353 oundarn
419 3295 610 3372 expieriuutur
633 3295 760 3372 prmsiut,
789 3301 839 3352 aut
861 3292 1020 3371 desperaro
1048 3295 1097 3372 qui
1127 3293 1286 3353 arlrersam.
1333 3292 1427 3363 Quam
1450 3312 1567 3355 accom-

272 3395 387 3455 modate
410 3395 446 3456 tle
468 3404 496 3456 te
517 3397 606 3475 igitur
628 3396 745 3475 scripsit
767 3396 889 3456 exiruius
911 3403 1007 3473 poeta,

271 3567 473 3575 —-—-

339 3682 350 3714 ⁴
363 3700 482 3750 unquam
495 3689 520 3734 2.
584 3683 601 3717 “
623 3684 667 3735 Cf.
681 3684 747 3733 Hor)
761 3700 842 3733 serm.
856 3684 877 3732 l.
891 3682 916 3745 3,
931 3691 964 3732 ta.
1028 3680 1047 3714 ¹³
1066 3683 1138 3733 Plin.
1152 3682 1187 3733 H.
1201 3684 1233 3732 N.
1248 3683 1284 3732 ll.
1298 3683 1321 3743 7,
1336 3692 1358 3731 5.
1378 3683 1473 3744 „Huic
1493 3681 1566 3749 [For-

271 3767 354 3834 tunae]
370 3770 462 3819 omnia
475 3769 601 3819 seruntur
613 3774 744 3834 ascripto,
760 3775 787 3818 ot
800 3769 827 3816 in
842 3773 901 3817 tota
914 3769 1021 3818 rationo
1035 3769 1191 3818 mortalium
1204 3767 1264 3818 sola
1278 3773 1420 3832 utramque
1433 3770 1566 3835 pagiuam

272 3854 368 3903 t'aeit.‘'
398 3855 514 3903 Iaocutio
535 3870 551 3902 n
570 3854 712 3903 codicibus
732 3854 841 3918 accepti
861 3859 889 3901 et
912 3854 1025 3918 expensi
1049 3861 1158 3918 sumpta
1178 3858 1232 3901 est:
1256 3853 1379 3901 Fortuna
1398 3858 1481 3919 prout
1498 3853 1567 3902 tibet

271 3937 726 3988 oreditorosdebitoresroscribit.
765 3935 1318 4002 ¹⁵liemoerittnn1n.]Ptin.tt.N.11.5,r.
1361 3934 1567 3987 ¹⁹bravium=

269 4021 412 4088 βραβεῖον,
432 4023 572 4072 brubeum.
587 4024 710 4083 „Ornues
723 4023 830 4086 quidem
845 4027 969 4085 currunt,
984 4024 1031 4072 sed
1046 4039 1114 4072 unus
1133 4023 1239 4088 accipit
1251 4023 1407 4072 lirnriuru.”
1426 4021 1508 4071 Paul.
1522 4039 1565 4088 ep.

269 4109 289 4157 1.
305 4108 339 4157 ad
353 4107 414 4158 Cor.
429 4109 476 4156 lx.
491 4109 531 4156 at.
568 4107 587 4139 ²¹
602 4108 672 4157 nihil
686 4112 728 4157 est
740 4105 800 4171 eto]
821 4107 893 4156 Ptin.
907 4107 925 4159 l.
940 4124 964 4161 c.
985 4109 1076 4168 „Toto
1090 4109 1189 4172 quippe
1203 4107 1302 4157 mundo
1316 4112 1344 4156 et
1356 4106 1425 4156 loeis
1438 4108 1566 4157 omnibus

268 4194 446 4258 ouinibusquo
471 4193 544 4244 horis
568 4193 686 4242 omnium
705 4192 820 4243 vocibus
838 4193 962 4242 Fortuna
985 4192 1223 4255 solummodum,
1249 4208 1303 4241 una
1322 4192 1492 4249 nominatur,
1511 4206 1566 4241 una

268 4283 429 4335 accusatur,
455 4293 510 4327 unu
535 4278 628 4343 agitur
651 4293 713 4339 roa,
733 4292 788 4326 nna
808 4277 960 4342 cogitatur,
986 4277 1046 4327 sola
1065 4277 1207 4339 laudatur,
1233 4276 1292 4327 sola
1311 4277 1438 4342 arguitur
1457 4280 1486 4325 el
1504 4291 1564 4325 cunr

268 4362 402 4412 conviciis
422 4362 535 4412 colitur:
559 4362 703 4424 volubilis,
730 4378 746 4411 a
765 4361 903 4426 plerisque
928 4378 993 4411 vero
1018 4369 1045 4411 ot
1070 4378 1147 4412 oreon
1171 4363 1256 4410 etiam
1281 4361 1454 4422 existimatu,
1480 4377 1561 4426 vaga,

267 4448 442 4508 inconstans,
462 4448 582 4509 ineerta,
602 4449 695 4509 varin,
716 4448 943 4511 indignorumque
963 4448 1092 4497 fautrix.''
1162 4444 1184 4477 ²¹
1204 4447 1252 4496 alii
1271 4443 1361 4510 ulain]
1375 4433 1493 4495 'Allata
1510 4461 1562 4511 μη-

266 4523 348 4596 tpnaq'
368 4524 446 4580 πέλει
466 4522 572 4596 ἡμέρη,
592 4521 692 4582 ἄλλοτε
710 4524 813 4598 μήτηρ.
844 4532 957 4581 Hesiud.
973 4530 1113 4581 «trenaro.
1139 4531 1332 4581 APharorino
1352 4530 1424 4595 apud
1444 4529 1515 4579 Gall.
1530 4530 1562 4578 N.

265 4618 297 4667 t.
312 4617 398 4665 Xl'll.
416 4615 457 4674 12,
472 4626 502 4679 t,
523 4617 690 4681 Diogeniun.
704 4618 741 4666 ll.
755 4616 795 4665 tu.
812 4621 838 4665 et.
858 4617 892 4667 ab
913 4616 977 4666 ullis
997 4616 1089 4666 multis
1107 4616 1241 4681 repetitur
1254 4631 1357 4666 versus.
1395 4615 1464 4664 Dios
1478 4630 1562 4679 quan-

265 4699 354 4765 doque
373 4716 506 4763 noverea,
527 4701 690 4766 quandoque
709 4707 752 4751 ost
769 4717 877 4767 parens.
930 4698 952 4732 ²⁹
970 4698 1063 4766 poeta]
1083 4700 1189 4767 Vergil.
1201 4701 1270 4752 Aen.
1284 4701 1332 4751 xl.
1343 4697 1404 4751 aad.
1418 4713 1461 4764 aq.
