3276 5414
272 431 388 466 orreum
410 432 514 466 serres
535 430 653 466 resrrvrr
672 431 798 465 curuum.
819 412 860 481 [1.]
880 429 1025 467 nvrresvs
1044 429 1201 464 rsuvsrms.
1305 399 1378 471 597

156 591 340 647 lluttenns.
377 590 509 646 Poderom
531 590 659 663 retegito.
703 589 763 645 leui!
786 589 848 664 quis
872 598 925 646 tam
948 590 1046 646 misere
1070 598 1096 645 te
1119 588 1279 650 lancinavit.
1308 589 1378 647 bona

92 677 215 735 Veritas?
614 700 621 710 ·

155 761 307 817 Veritas.
343 761 440 834 Aspice
463 769 491 816 ot
513 759 646 834 spondilia
669 767 696 816 et
718 760 857 817 cervicem.
1090 815 1096 839 ,
1434 808 1448 823 ,

156 847 339 902 llu'tteuus.
377 845 447 900 Nilril
472 846 497 901 iu
522 854 548 900 te
571 862 664 901 sarnrm
687 845 778 907 rideo.
801 844 842 902 vel
864 845 1013 919 perlatum
1028 862 1161 917 unguem:
1185 843 1250 917 quin
1266 850 1294 899 et
1309 848 1434 918 prm-§.⁸-

31 968 35 977 ·
66 924 270 993 scismatum,
294 931 430 1003 insignitae
453 929 576 986 maulim.
918 948 922 955 ·
1400 978 1404 983 .

157 1017 305 1071 Veritas.
344 1016 391 1071 t'tu
413 1015 454 1071 rel
477 1015 562 1071 media
584 1016 681 1071 lmrum
705 1015 796 1088 portio
821 1015 869 1071 tilii
897 1014 1032 1087 contigit?
1061 1014 1114 1071 Sed
1141 1023 1169 1070 et
1196 1013 1379 1070 excommuni-

91 1110 151 1159 cata
175 1120 250 1166 sirm,
275 1118 307 1156 ne
329 1118 447 1174 uuquam
472 1101 581 1156 Romam
604 1100 750 1174 ingrediar.

157 1187 337 1243 llutteuus.
375 1185 520 1241 (mulorum
543 1184 660 1259 pupillos
683 1185 743 1258 quis
766 1185 802 1240 ita
827 1184 874 1240 tihi
898 1184 1031 1258 pupugit?

157 1271 305 1326 Veritas.
343 1271 478 1326 Romanus
500 1271 636 1345 pontifex,
658 1287 719 1326 cum
742 1287 829 1344 nuper
850 1287 893 1326 me
915 1286 1051 1326 excaecare
1074 1268 1170 1330 vellet.
1194 1275 1225 1324 ut
1247 1266 1377 1324 maximus

58 1357 247 1419 invideretur,
272 1365 299 1411 et
322 1364 351 1410 ut
373 1354 485 1411 liberius
508 1363 602 1429 posset
624 1354 737 1411 illudere
760 1355 909 1412 Germanis.
1441 1350 1446 1359 '

156 1441 337 1497 lluttcnus.
374 1440 487 1497 laceras
510 1457 572 1496 veru
594 1457 689 1497 manus
712 1440 791 1513 quis?
1388 1442 1435 1491 §.t-

156 1527 300 1583 Veritas.
337 1524 470 1582 Aleander
498 1525 654 1587 llottcusis.
688 1524 733 1581 ille
761 1542 876 1599 verpus.
911 1525 1018 1599 quando
1044 1522 1321 1586 tovanitmolonie
1352 1531 1381 1579 et

91 1612 238 1685 llloguutim
252 1612 405 1668 Lutheraua
420 1610 566 1674 amliussit;
587 1609 719 1684 digitulos
741 1611 878 1685 praescidit
899 1611 1059 1666 ainlritiosus
1081 1608 1127 1665 ille
1144 1609 1284 1665 llurirarus
1307 1607 1380 1664 Gelt·

85 1694 169 1759 ⁸narr;
192 1705 290 1753 cmtera
312 1714 373 1771 quse
394 1696 484 1752 cernis
505 1704 571 1752 suut
592 1696 719 1757 Enniana,
741 1694 899 1757 Ennomus,
922 1705 950 1751 ct
972 1694 1121 1750 silvestria.

58 1796 83 1835 ts
157 1782 344 1838 lluttenus.
381 1781 446 1836 Num
470 1789 497 1836 ct
521 1779 706 1836 lloclrstratica
728 1779 818 1854 aliqua
841 1780 938 1842 habes,
960 1789 988 1836 et
1010 1779 1105 1837 Leica?

155 1867 304 1923 Veritas.
342 1865 578 1922 lllloclrstratica!
602 1866 754 1922 iamdudum
777 1883 818 1922 me
840 1865 1037 1923 examinassent
1058 1863 1254 1937 memlaciloqui
1278 1872 1307 1920 ct
1321 1862 1447 1923 ola-§.m

91 1961 216 2009 cterouos
240 1952 299 2011 isti.
324 1952 350 2006 ui
374 1951 438 2006 milii
462 1952 573 2008 fuissem
596 1951 735 2008 medicata.
1191 2009 1194 2015 ,

156 2037 338 2093 liutteuus.
375 2036 473 2092 lledem
497 2036 545 2091 tibi
571 2036 621 2109 ipsi
644 2044 738 2110 potes,
762 2053 795 2091 nc
818 2036 881 2109 quid
906 2034 1026 2093 officiant
1048 2035 1187 2091 homiuum
1211 2032 1358 2091 maleficia?

156 2122 302 2179 Veritas.
338 2122 465 2183 Possum,
489 2121 533 2177 ulu
557 2119 676 2176 volucro.

52 2221 85 2261 ao
143 2206 339 2287 'lluttcnus
377 2205 444 2274 Quid
469 2207 552 2279 igitur
574 2223 627 2261 uou
643 2205 774 2279 digitulos
791 2206 840 2262 tibi
855 2204 992 2267 restituis,
1014 2215 1042 2261 et
1057 2204 1167 2265 oculos.
1190 2211 1219 2260 et
1233 2203 1377 2260 mammas?

157 2291 303 2348 Veritas.
342 2290 493 2346 lumortalis
516 2308 589 2352 sum,
611 2299 639 2346 et
661 2291 693 2346 ad
716 2291 786 2347 ictus
809 2289 1000 2363 infatigabilis,
1029 2307 1084 2346 nou
1107 2307 1184 2346 secus
1206 2298 1290 2362 atque
1311 2288 1446 2355 lunonis.

94 2376 140 2432 illa
163 2378 233 2450 apud
256 2376 398 2433 llomerum
423 2375 531 2432 Hectori
553 2392 752 2449 compugnans:
782 2393 836 2449 quo
859 2375 945 2448 magis
967 2375 1125 2449 impugnor,
1148 2392 1181 2430 eo
1204 2373 1319 2447 amplius
1342 2372 1380 2427 vi·

94 2478 142 2517 reo
165 2470 192 2516 et
214 2461 313 2517 dcirco:
336 2479 428 2516 rerum
452 2461 513 2534 quia
537 2460 694 2534 propediem
718 2461 777 2516 sisti
800 2478 842 2516 me
865 2469 975 2534 oportet
996 2461 1029 2515 ati
1046 2459 1163 2516 tribuual
1180 2459 1290 2520 Christi.
1312 2466 1380 2531 stig·

94 2556 164 2602 mata
187 2532 243 2604 lilnc
264 2545 377 2602 allatura
400 2563 460 2603 sum
483 2546 510 2601 iu
532 2545 664 2607 medium,
687 2555 718 2601 ut
741 2545 846 2601 rideant
868 2544 973 2618 qualem
995 2545 1168 2602 cousodcriut
1190 2544 1276 2607 deam.
1299 2560 1379 2616 quam

56 2633 153 2690 naltmc
175 2649 229 2688 uon
251 2631 316 2687 milii
338 2631 467 2693 iecerint,
490 2631 536 2687 sed
559 2629 667 2686 Christo
690 2629 755 2705 ipsi,
779 2631 825 2704 qui
848 2630 947 2686 veritas
968 2639 1020 2686 est.

156 2717 337 2773 liutteuus.
374 2715 438 2772 lllos
462 2724 491 2772 tu
512 2716 545 2772 ad
568 2715 686 2772 tribunal
708 2715 808 2771 Christi
831 2724 989 2772 accusatura
1011 2715 1061 2771 csl
1122 2754 1126 2761 .

156 2801 306 2858 Veritas.
344 2801 558 2857 Condemnatura
580 2801 662 2857 etiam
684 2801 716 2857 ad
739 2819 833 2858 orcum
855 2808 883 2857 et
903 2800 1028 2858 Plutonis
1049 2800 1239 2857 carnificinam.
1388 2805 1448 2854 §.tt

156 2888 343 2944 llutteuus.
380 2885 522 2941 Existimas
544 2903 591 2948 ne,
615 2887 726 2943 credaut
747 2887 827 2942 deum
850 2903 909 2943 esse
933 2885 974 2941 vcl
997 2886 1156 2943 Tartarum?

156 2971 307 3028 Veritas.
345 2970 388 3027 Sic
421 2971 624 3027 constituerunt
658 2972 684 3028 iu
717 2971 834 3028 concilio
867 2971 1057 3033 Lateruneusi.
1095 2970 1213 3034 enimam
1246 2987 1306 3025 esse
1339 2968 1379 3025 in·

55 3057 244 3115 murortalem.

156 3142 333 3197 lluttenus.
370 3140 450 3208 Quasi
474 3141 526 3199 hoc
546 3149 626 3197 antea
648 3141 835 3199 nescissemus.
879 3159 965 3203 ceca,
988 3158 1042 3197 uon
1066 3140 1196 3214 intelligis
1218 3139 1357 3197 fraudoml

158 3227 304 3283 l'critas.
341 3225 426 3294 Quam
448 3225 587 3283 fraudem?
1389 3235 1448 3285 §.tt

157 3312 340 3369 lluttcnus.
377 3312 410 3368 Ut
432 3311 455 3367 si
476 3310 587 3367 credere
609 3311 764 3373 videantur,
787 3311 819 3367 ad
841 3309 951 3367 illorum
974 3310 1060 3384 magis
1081 3309 1282 3366 dissimulemus
1305 3307 1381 3381 dagi-

96 3400 175 3460 tium,
205 3396 318 3453 iudicem
345 3405 420 3452 certe
442 3395 523 3452 alium
547 3394 665 3451 habituri
688 3412 767 3468 quam
790 3413 856 3456 uos:
885 3404 912 3452 et
939 3412 972 3451 ue
1000 3413 1016 3452 a
1043 3394 1123 3451 nobis
1145 3395 1254 3469 possint
1274 3393 1380 3451 censeri

59 3491 124 3541 ³³m
148 3493 232 3546 terra,
254 3499 313 3537 cam
335 3481 387 3536 sibi
408 3480 496 3554 legem
518 3481 731 3540 constituerunt,
754 3478 856 3554 alioqui
879 3488 968 3536 tamen
991 3479 1178 3536 indubitatam.

158 3567 308 3627 Veritas.
345 3566 412 3624 liele
435 3565 581 3639 suspicaris
603 3566 637 3621 de
660 3563 814 3621 homiuibus
836 3565 906 3622 istis.

156 3653 347 3709 liutteuus.
383 3651 516 3712 Pessime.
547 3659 644 3724 utpote
672 3650 705 3705 de
728 3650 822 3706 Tuscis
849 3658 876 3706 ct
905 3649 1028 3706 ethnicis.
1074 3649 1125 3704 Sed
1154 3666 1219 3722 ago.
1247 3648 1314 3705 doce
1336 3658 1448 3708 metit.

93 3740 285 3798 iuuentem,
309 3745 339 3791 ut
361 3737 413 3792 sim
434 3736 548 3810 posthac
570 3734 762 3791 insauciabilis.

158 3822 309 3880 Veritas
347 3821 374 3878 ld
397 3838 504 3894 aequum
527 3821 592 3877 mim
615 3816 734 3877 nonest
757 3828 889 3894 praestare
912 3819 975 3882 tibi,
998 3820 1122 3877 mortalis
1143 3837 1203 3876 cum
1227 3818 1274 3874 sis.

57 3913 85 3956 ⁴⁰
158 3908 339 3965 lluttcuus.
376 3905 458 3973 Quasi
479 3905 507 3961 id
528 3922 584 3962 non
606 3904 699 3963 multis
725 3906 817 3962 datum
845 3905 881 3962 sit
908 3906 1037 3968 ethnicis.
1067 3904 1291 3981 quemadmodum
1320 3919 1381 3958 uar-

94 4002 156 4050 raut
178 4000 319 4068 poctarum
343 3989 455 4054 labulae;
478 3999 611 4064 praeterea
633 4009 665 4046 er
687 3999 781 4047 nostra
803 3989 937 4064 religiono
958 3991 1026 4047 divis
1047 3989 1243 4064 complupilius.

157 4078 303 4134 Veritas.
332 4077 368 4132 lu
391 4075 514 4132 divorum
535 4083 635 4133 emtum
656 4076 680 4152 si
701 4075 836 4132 conscribi
857 4075 937 4137 velis,
959 4075 1063 4133 docebo
1086 4085 1112 4131 te
1135 4075 1257 4150 quidem:
1279 4074 1312 4129 de
1328 4080 1448 4131 nui-¹⁵·

94 4165 137 4237 gis
160 4180 227 4239 roro.
247 4161 300 4218 illis
323 4170 466 4236 poctarum
488 4161 580 4218 nescio
603 4179 683 4235 quem
706 4161 861 4217 huiusmodi
885 4169 911 4216 tc
933 4178 988 4216 uon
1009 4161 1131 4219 deceant

158 4428 335 4497 ³spondylos
351 4433 410 4480 ontt.
480 4428 502 4461 ¹⁰
520 4430 608 4494 possit
624 4430 698 4480 editt.
770 4426 790 4460 Ω
807 4424 896 4494 Motu]
916 4443 950 4477 ex
968 4426 1068 4492 oppido
1085 4428 1175 4477 Motis
1192 4441 1293 4476 murem
1312 4425 1380 4475 Ter·

91 4517 198 4567 nisime.
268 4513 376 4581 verpus]
400 4513 523 4567 Iudaeum
551 4514 638 4564 tuisse
661 4513 827 4563 Aleandrum
855 4513 962 4562 auctori
992 4516 1110 4562 constat.
1181 4509 1201 4543 ¹³
1220 4510 1342 4575 geltnstr
1355 4513 1379 4560 1.

92 4601 193 4664 Infante
211 4601 331 4650 Mamer-i
347 4615 435 4650 nomen
452 4601 616 4664 inscriptione
634 4604 709 4661 ettam
727 4599 848 4648 Mur-nuri
864 4598 1005 4647 Leotntdon
1020 4600 1201 4662 peroquatmm
1221 4602 1248 4644 ut
1265 4601 1289 4644 et
1308 4594 1380 4644 Giin-

91 4685 259 4752 seprediger.
312 4682 430 4749 ¹⁴.Silv.]
448 4683 611 4734 aSilvestro
623 4684 760 4733 Prioriete
779 4682 886 4732 inflicta
903 4681 1026 4733 vulnere.
1079 4679 1101 4712 ¹⁸
1119 4681 1212 4743 Immo,
1231 4680 1380 4731 Hectorem

92 4764 257 4835 inpugnans.
310 4769 332 4801 ¹⁹
351 4770 491 4835 Cf.snpru
509 4786 535 4835 p.
549 4766 681 4821 satum.
733 4766 753 4800 ⁴¹
773 4764 854 4833 divis]
873 4767 988 4818 sanetis.
