3276 5414
575 402 717 439 nranoovs
737 403 836 437 scurra
856 402 1014 439 nonacnvs.
1206 388 1210 393 ’
1368 377 1435 445 551

150 566 307 623 illaudatum
331 572 359 619 et
382 564 542 619 admiratam
565 579 594 617 se
618 581 631 616 a
655 561 761 616 nemine
783 560 901 617 laudavit
923 560 1101 617 mirabiliter?
1124 562 1300 618 Grandiorern
1317 564 1367 619 iam
1383 582 1444 637 gra-

150 651 214 708 dorn
237 649 340 718 tacito..
415 647 552 703 Ecltius.
585 645 674 701 l‘aeio.
706 663 760 719 quo
795 647 901 703 tandem
932 647 1137 720 perveniemus?
1222 648 1442 721 Desperatio.
1456 649 1513 698 §.1³-

152 735 219 802 duid
242 732 416 788 murmuras?
447 731 574 786 Eelvillarn
606 731 656 786 iarn
680 729 768 786 valere
791 721 926 786 sinamds:
958 730 1097 787 abdicatus
1120 749 1134 786 a
1157 733 1257 787 mundo
1282 733 1345 805 qnid
1368 751 1444 788 mnn-

152 821 218 874 dana
242 818 366 890 cogitas?
431 814 566 871 Eelrius.
589 815 629 869 lle
651 814 838 889 deploratum!
862 832 917 888 quo
940 815 1048 875 trabor,
1071 815 1180 871 Belidae
1199 815 1260 871 Vale
1284 834 1338 872 non
1360 818 1453 873 dicto..

134 904 217 959 ades
224 920 305 976 pera
316 902 373 956 tio.
389 901 488 966 ‚dicero
512 917 565 954 non
582 908 674 973 potest
690 901 736 972 qni
752 900 913 973 desperavit.
979 900 1057 956 Eelvi
1068 917 1114 956 os.
1138 899 1254 955 dllielte!
1320 902 1444 976 despe·
1455 908 1514 957 §.tt

152 988 254 1043 ratio.
283 985 370 1041 lladet
394 983 489 1046 borno,
513 985 606 1039 latina
629 984 701 1039 enim
725 984 776 1039 ianr
799 984 935 1040 dedidicit.
1001 985 1131 1041 aelius.
1162 983 1231 1052 Quin
1255 994 1282 1040 et
1304 985 1394 1043 ltaliee
1417 996 1446 1043 et

153 1072 244 1127 Graece
268 1071 333 1125 seio.
412 1068 632 1142 desperatio.
656 1068 729 1124 Satis
750 1069 902 1142 desperate.
983 1068 1116 1125 telins.
1140 1068 1252 1136 Quando
1275 1070 1446 1143 perficiemus

154 1159 223 1212 iter?
310 1153 525 1226 desperatio.
556 1154 685 1226 Prospiee
718 1152 827 1226 paulurn
860 1155 886 1209 in
911 1152 1005 1209 sallem
1029 1154 1097 1210 bane
1120 1154 1296 1227 profundam,
1326 1173 1375 1212 nee
1398 1158 1447 1211 rni-

154 1241 243 1296 uriuns
266 1255 410 1294 arrrinnam:
439 1238 492 1293 boc
519 1239 600 1294 vitam
630 1246 702 1293 tumn
733 1239 812 1293 vives.
900 1237 1041 1294 Eeltius.
1071 1239 1098 1294 ln
1129 1240 1181 1295 boe
1202 1257 1311 1296 carcere
1334 1242 1447 1303 morior.

120 1324 249 1381 rolrabeo.
335 1322 553 1396 desperatio.
576 1323 660 1378 lrnrno
684 1324 768 1378 vives:
792 1340 852 1378 uam
876 1323 921 1396 qui
945 1330 1024 1397 putas
1047 1331 1150 1394 tantum
1175 1324 1367 1380 nronaclrorum
1391 1324 1515 1380 virt-eta.
1583 1317 1588 1324 ’

153 1428 204 1483 gns
226 1425 307 1482 posse
331 1409 432 1469 vivere,
456 1408 507 1462 nisi
531 1425 561 1463 en
584 1410 670 1469 fastu,
694 1406 790 1479 gloriar
812 1409 948 1481 aucupiis.
973 1408 1079 1464 invidiae
1103 1407 1224 1481 pabulis.
1249 1408 1359 1465 libidine
1383 1412 1445 1466 item

153 1503 234 1568 atque
262 1487 403 1569 φιλαυτίᾳ
432 1493 642 1565 proveheretur,
674 1492 820 1548 virtutibus
850 1492 898 1547 tibi
930 1492 1048 1548 feliciter
1076 1493 1223 1566 propitiis?
1310 1493 1443 1551 Eclaius.

152 1579 243 1635 Placet
266 1577 433 1639 institutum,
465 1595 525 1632 curri
550 1579 582 1632 iis
606 1577 683 1633 facile
706 1577 806 1656 nemini
829 1577 936 1638 cedam.
960 1586 1041 1650 atque
1065 1577 1126 1632 bine
1149 1595 1203 1634 non
1226 1577 1334 1634 difficile
1357 1580 1445 1653 digni·

154 1671 237 1720 tatean
258 1661 376 1735 aliquam
400 1662 537 1735 arripiam.
623 1661 845 1735 desperatio.
870 1661 935 1728 Quis
958 1662 1081 1717 dubitat?
1104 1661 1243 1718 Cucullum
1267 1663 1352 1735 igitur
1373 1665 1515 1725 baneam.

121 1748 248 1809 mindae,
280 1747 381 1802 fraudis
411 1754 576 1822 praetentam.
664 1745 798 1802 delius.
826 1745 918 1801 lnduo.
1005 1747 1221 1820 desperatio.
1253 1748 1375 1822 decipite
1406 1751 1446 1803 in·

156 1833 284 1893 teritum‚-
308 1831 397 1887 dicere
427 1830 497 1886 volui
522 1830 694 1887 ‘interulam’
780 1830 915 1887 Eclains.
946 1833 1064 1904 decipio.
1151 1833 1371 1906 Desperatio.
1396 1833 1448 1888 'lu-

155 1919 240 1974 nicam
263 1917 331 1971 banc
358 1917 467 1990 adapta.
497 1916 679 1988 nequitiarum
703 1915 879 1971 involuerum.
959 1916 1097 1972 delius.
1126 1918 1240 1990 Adapto.
1321 1918 1449 1990 despe-

156 2003 255 2058 ratio.
280 2001 335 2057 lloe
357 2000 467 2073 cingulo
491 2010 517 2055 te
539 2001 634 2073 cinge,
658 2000 880 2075 syllogismorum
897 2001 1109 2074 sophisticorum
1127 2001 1242 2057 vinculo.
1309 2002 1446 2058 delius.

154 2088 280 2159 diupo.¹
327 2085 544 2159 desperatio.
567 2085 678 2141 Calceos
700 2085 750 2140 bos
775 2086 882 2147 ualuas,
907 2084 1068 2159 replicarem
1092 2086 1236 2142 stabolum.
1312 2085 1515 2146 Eeltius.l·¹⁷·

119 2171 247 2230 aolndno.
324 2171 547 2244 desperatio.
581 2169 636 2226 lloc
664 2168 748 2243 pallio
772 2180 798 2225 te
822 2180 914 2243 tegas,
939 2172 1121 2244 quaestionum
1145 2170 1304 2227 urubraculo
1326 2168 1447 2228 eonimo-

154 2256 274 2312 dissimo.
354 2254 488 2310 licltins.
513 2256 595 2327 Tege.
671 2255 889 2328 desperatio.
911 2255 993 2310 Liber
1014 2255 1058 2310 bie
1081 2255 1285 2327 dornralitatum
1309 2273 1446 2330 nunquam

157 2340 280 2397 inanibus
314 2340 366 2395 tuis
396 2339 509 2396 excidat.
596 2338 732 2395 Eclrius.
761 2339 906 2412 Evangelio
930 2341 1082 2413 praeferam.
1170 2341 1387 2414 desperatio.
1419 2341 1446 2394 Si

157 2425 238 2487 libet,
261 2426 341 2479 etiarn
365 2423 445 2497 paulo
469 2425 521 2480 iarn
543 2425 701 2498 proscripto
730 2433 812 2497 atque
841 2423 939 2479 testula
968 2423 1139 2481 labefactata.
1226 2425 1516 2511 desperatio-§.¹⁸-

157 2511 303 2566 l‘ernarum
326 2518 356 2564 ut
378 2510 416 2564 sis
438 2510 524 2581 pestis
548 2509 636 2564 iubeo.
723 2508 860 2565 Eekins.
892 2509 920 2564 Si
944 2508 1031 2571 voles,
1061 2511 1141 2565 etiam
1172 2509 1245 2565 labes
1268 2509 1360 2571 laridi,
1391 2519 1447 2564 turn

123 2594 305 2651 aaabsnnredo
329 2594 451 2658 surrrinis.
538 2594 754 2667 desperatio.
786 2595 917 2649 lloneedo.
952 2593 1017 2649 ltem
1041 2595 1079 2648 sis
1109 2594 1172 2649 colli
1202 2594 1341 2651 calamitas
1368 2603 1449 2667 atque

156 2679 288 2735 lassitudo
312 2679 400 2733 laniis.
488 2677 624 2735 Eclrius.
653 2679 778 2735 Ventrem
808 2678 1001 2752 pontificaliter
1030 2678 1139 2734 curabo.
1165 2693 1174 2709 ·
1227 2679 1449 2752 desperatio.

156 2764 241 2819 Credo
266 2773 291 2819 te
314 2764 367 2818 boe
389 2783 403 2819 a
425 2764 555 2819 Pontidce
577 2764 717 2824 didicisse,
742 2763 841 2837 quibus
865 2765 916 2820 bne
940 2781 1021 2819 unum
1045 2773 1087 2819 est
1102 2782 1188 2826 curae.
1213 2765 1258 2837 qni
1275 2773 1368 2819 venter
1384 2781 1449 2818 sous

157 2849 255 2909 redeat,
286 2866 340 2904 aron
363 2848 555 2903 animadversis
577 2848 792 2904 Christianorum
815 2849 958 2911 membris,
989 2867 1050 2922 qum
1072 2849 1160 2923 probo
1182 2850 1286 2923 pastori
1310 2858 1363 2904 tam
1386 2865 1450 2904 con·

157 2935 266 2989 veniunt
289 2950 369 3007 quam
394 2951 453 3006 quae
476 2950 525 2988 sua
547 2941 618 2988 snut.
706 2933 843 2989 Belius
875 2934 940 3001 Quis
965 2951 1083 3007 uuquam
1106 2934 1216 2991 eromae
1239 2935 1291 2990 luit
1315 2934 1361 3007 qni
1384 2933 1518 2989 nevil-¹⁹·

122 3018 225 3074 aonilril
248 3017 392 3074 didicerit?
479 3018 697 3093 desperatio.
726 3019 797 3079 lino,
822 3019 892 3092 qnod
917 3020 1006 3074 verius
1028 3027 1082 3080 est,
1114 3020 1174 3092 quis
1197 3036 1316 3092 unquam
1338 3018 1449 3074 dboruae

158 3091 209 3159 l'uit
232 3103 277 3176 qui
302 3102 363 3157 mali
394 3102 460 3156 nibil
490 3120 603 3176 prorsus
628 3104 689 3158 binc
713 3103 850 3159 hauserit?
938 3103 1070 3159 Eelrirrs.
1099 3102 1167 3170 Quid
1191 3105 1222 3159 ad
1246 3121 1302 3165 me,
1330 3103 1449 3159 decute

158 3189 221 3262 quid
245 3187 325 3244 laeiat
347 3185 393 3241 ille
416 3185 456 3241 vel
480 3185 525 3242 ille
548 3193 613 3243 sua?
699 3188 915 3260 desperatio.
941 3187 1105 3243 versificaris
1128 3189 1227 3244 etiam?
1315 3186 1519 3243 detineto.

157 3274 254 3328 l‘oetas
271 3290 363 3328 omnes
379 3270 551 3346 perlustrari.
611 3271 827 3345 desperatio.
845 3270 983 3327 Floretum
999 3289 1059 3326 enrn
1076 3273 1221 3335 Gra¹eista;
1238 3280 1303 3332 turn,
1321 3280 1350 3326 ot
1365 3289 1452 3343 angu-

160 3376 220 3419 ror,
243 3356 392 3413 l‘lrilomusi
417 3357 453 3411 tui
477 3374 569 3413 narem
593 3355 771 3417 stultileraur,
796 3374 855 3428 qrrae
871 3355 979 3429 quidem
1002 3373 1055 3410 uon
1073 3373 1126 3410 nno
1143 3357 1251 3413 nourine
1268 3355 1395 3411 stultitia
1413 3356 1452 3409 in·

124 3458 149 3497 aa
160 3444 245 3515 signis
262 3451 317 3498 est:
334 3442 508 3514 nequeenim
526 3452 567 3497 tot
583 3439 730 3497 stultorum
747 3458 846 3513 genera
863 3439 934 3495 vobit
949 3441 1022 3502 baec,
1047 3449 1114 3512 quot
1138 3441 1234 3497 ibidem
1257 3441 1384 3496 carminis
1406 3438 1452 3495 ille

160 3529 224 3584 lecit
240 3527 389 3598 aratrlragia.
448 3525 583 3581 Belius.
601 3526 737 3600 Principio
754 3543 807 3581 non
825 3524 888 3597 legi,
906 3533 933 3580 at
949 3525 1129 3596 syneretisuro
1145 3524 1234 3580 denuo
1252 3526 1323 3580 laeto
1339 3523 1450 3597 penitus

159 3614 293 3667 devoravi.
359 3611 573 3683 desperatio.
598 3610 698 3666 llredo:
723 3628 783 3666 rrarn
806 3609 892 3665 adlure
915 3609 1038 3664 stultitia·
1063 3610 1150 3670 loces,
1174 3627 1241 3682 quas
1264 3608 1320 3664 illic
1341 3611 1519 3663 ronna-tvt-

161 3698 237 3756 aisti.
263 3695 381 3752 sarlvoles.
448 3695 584 3751 Eelios.
608 3695 690 3750 d'imis
715 3695 900 3768 imprudenter
922 3694 948 3748 in
965 3692 1075 3749 Eekiurn
1092 3693 1143 3748 iarn
1159 3694 1328 3749 monaebum.
1395 3692 1454 3746 do-

162 3791 281 3855 sperat
293 3782 331 3836 io.
355 3781 444 3836 Primo
461 3783 548 3835 errori
565 3797 657 3854 parce,
675 3781 793 3836 norrdurn
809 3780 880 3835 enim
895 3780 928 3834 ad
944 3796 1063 3852 unguem
1079 3777 1232 3834 meminisse
1248 3794 1361 3851 possum
1376 3794 1453 3830 rrovm

128 3866 334 3922 reconditionis.
400 3865 533 3921 Eebius.
559 3867 591 3919 dt
616 3867 641 3920 iu
665 3873 804 3938 posterum
820 3873 964 3920 memento.
1030 3863 1245 3936 desperatio.
1269 3861 1353 3917 llodis
1369 3860 1454 3915 oanni·

163 3951 212 4005 bns
236 3960 264 4006 tu
281 3968 359 4011 eura,
383 3949 572 4005 morracbatnnr
589 3968 622 4005 ne
640 3950 736 4020 frigide
753 3950 896 4010 observes:
919 3966 979 4005 narn
995 3949 1046 4004 nisi
1064 3948 1211 4004 monachus
1226 3965 1315 4010 esses,
1340 3947 1392 4001 iarn
1406 3946 1455 4001 dn·

230 4216 240 4247 ³
265 4217 432 4275 ‚abdicatus
457 4232 473 4264 a
495 4215 603 4264 munnio.
623 4216 694 4277 Quid
713 4219 754 4265 ed.
825 4212 972 4278 ⁵attiokc]
993 4214 1113 4263 eddela.
1128 4213 1217 4264 dedol.
1232 4213 1312 4274 §.bd
1372 4210 1454 4260 lEb-

163 4302 288 4351 laiusrd.
325 4300 346 4333 ¹⁰
363 4297 464 4365 babeo]
484 4301 555 4360 seio,
577 4299 642 4347 milti
662 4306 766 4348 certum
786 4306 835 4349 est.
873 4297 982 4363 ¹²qrb]
1002 4300 1044 4348 sui
1063 4299 1147 4347 nimio
1167 4314 1269 4349 amore.
1300 4295 1321 4328 ¹⁸
1341 4292 1453 4360 lylogil·

163 4387 237 4436 morit
258 4388 299 4435 ed.
340 4383 363 4416 ²⁰
382 4386 485 4435 lnduco
504 4387 546 4436 ed.
565 4381 735 4448 questionum
753 4387 795 4433 ed.
831 4382 850 4416 ²¹
870 4381 1092 4447 Formslitaturn]
1112 4383 1197 4433 Seoti.
1233 4380 1256 4413 ²⁵
1275 4379 1394 4430 seminia.
1414 4380 1456 4428 ed.

162 4470 184 4502 ²²
203 4471 300 4535 quibus
318 4472 417 4529 alred,
430 4468 771 4534 precesseritPontifieiis.
809 4465 879 4529 laris,
898 4466 1059 4516 inoleatnon
1079 4483 1103 4516 a.
1118 4469 1158 4516 ed.
1193 4464 1301 4515 83Ρίοτ.
1317 4480 1340 4513 c.
1356 4459 1456 4527 Graec]

164 4555 207 4604 Cf.
222 4555 285 4604 adu.
300 4555 417 4620 adEpp.
432 4555 465 4605 Ο.
479 4555 511 4602 V.
564 4553 586 4585 ³⁴
606 4552 720 4602 Philam.
735 4550 794 4616 ete]
814 4551 911 4600 Iacobi
929 4550 1048 4601 Locberi
1067 4554 1220 4601 versionem
1240 4548 1388 4599 stultilerae
1407 4562 1454 4595 na-

164 4641 206 4688 vis
225 4640 392 4699 dranfinnae,
413 4639 446 4688 de
467 4655 519 4703 qim
537 4640 600 4689 vide
620 4638 751 4687 Zarnckii
771 4636 811 4686 ed.
827 4636 906 4684 buius
925 4635 988 4684 libri
1008 4652 1032 4699 p.
1047 4635 1106 4684 210.
1120 4651 1178 4699 sqq.
1248 4631 1271 4663 ⁸⁸
1290 4643 1454 4696 συγκρητισ-

164 4718 232 4795 μόςζ
250 4723 411 4773 conciliatio
429 4725 555 4787 partium.
570 4723 606 4772 cf.
621 4722 769 4785 Stintaing,
783 4720 880 4769 Zaaiue
899 4735 923 4783 p.
938 4718 979 4768 dd.
993 4718 1050 4769 315.
