3276 5414
218 311 291 382 59⁴1
658 336 774 373 manum
795 334 1082 372 rsuvuottt'rrttlttct.

164 512 222 561 §.u
281 499 501 555 Curtisanns.
540 497 587 552 Ulii
612 496 698 569 igitur
720 495 802 551 llullae
827 504 896 555 tuae.
920 494 967 550 uld
991 492 1124 549 fulmina
1153 509 1224 565 quse
1250 491 1279 545 in
1304 490 1355 545 lios
1377 490 1476 545 laenius!

264 583 525 651 ,llinoritanus
563 581 634 636 llens
659 589 703 637 tu.
726 580 851 653 cinaede.
874 578 1013 635 cucullum
1040 577 1117 634 milii
1146 585 1258 651 parato
1283 575 1494 630 olitritunetm

220 668 289 725 dolia
312 668 408 724 laceris
430 674 560 742 suppacta
583 665 664 727 solis,
687 674 715 721 et
739 668 829 721 lunem
852 666 997 721 nodosum.

166 769 212 817 §.a
287 754 506 810 Gurtisanus.
544 751 605 807 ttae
628 751 735 825 quidem
757 751 849 806 omnia
871 751 903 805 ad
926 756 1151 809 manumsunt:
1178 763 1284 803 verum
1303 763 1386 802 unum
1399 746 1499 801 adlud-

218 840 310 901 dcest,
339 854 393 912 quo
422 839 580 912 imposturae
605 844 657 892 tuae
680 835 841 891 adhibeatur
863 836 943 896 sides,
972 852 1077 908 nempe
1110 841 1281 907 corrugata
1308 832 1386 887 irons
1403 841 1428 887 et
1444 844 1513 886 rute·

221 924 326 985 teneris.
350 940 411 978 nain
434 923 537 996 pingue
559 922 612 978 hoc
633 919 815 994 aqualiculum
838 927 866 975 et
888 920 999 976 obesum
1025 927 1119 994 capiat
1143 927 1179 974 et
1203 918 1310 992 lingua
1333 917 1503 991 petulantium

218 1006 403 1082 eupediaiium
425 1015 452 1062 te
474 1004 703 1080 prodentdmsari
726 1003 767 1061 vel
790 1004 946 1067 helnonem,
970 1022 1026 1061 non
1052 1004 1267 1078 hypocritam:
1293 1001 1507 1075 vin’dielnsqm

221 1110 273 1167 que
297 1100 323 1148 te
346 1109 527 1148 emaceremus
550 1092 575 1147 in
599 1090 740 1147 Tulliano?

166 1192 210 1240 §.u
284 1171 529 1233 lli'noritanus.
566 1177 650 1249 Papo.
682 1175 749 1231 nihil
777 1177 892 1231 interest
921 1191 974 1247 quo
998 1174 1051 1229 sim
1074 1192 1232 1249 corpore.
1266 1174 1355 1229 modo
1377 1172 1507 1243 gestilmu

220 1263 310 1318 anieno
337 1262 530 1337 sycophantam
558 1278 720 1336 expressero
747 1269 775 1316 et
805 1259 990 1335 hypocritam:
1022 1258 1113 1315 liebus
1140 1269 1190 1315 est
1224 1267 1258 1315 et
1285 1259 1415 1314 ulitusum
1434 1258 1510 1313 llum

219 1364 317 1404 norum
339 1364 435 1420 genus.

284 1431 500 1488 Curtisanus.
539 1433 572 1486 dt
594 1448 649 1488 non
674 1439 726 1486 taini
755 1445 878 1495 ‘erassum¹
903 1429 943 1485 nti
972 1429 1146 1503 suspicaris,
1181 1429 1297 1505 quilius
1324 1429 1466 1485 iamdudum
1483 1447 1512 1483 n»

221 1526 286 1574 strae
309 1516 417 1573 fraudes
439 1524 581 1591 caeperunt
604 1516 661 1571 lieri
684 1516 846 1590 perspicuae.

284 1601 528 1658 llinoritanus.
566 1601 619 1657 Vos
642 1600 856 1660 tinctamque:
879 1616 931 1673 ego
954 1600 1004 1655 iarn
1027 1616 1091 1655 meo
1120 1600 1206 1656 lnrar
1233 1600 1373 1658 consilio.

165 1704 211 1754 §.a
283 1685 502 1743 Curtisanus.
539 1686 593 1742 Nus
615 1703 678 1740 vern
701 1703 755 1758 qno
779 1686 885 1741 taudem
907 1693 966 1739 astu
990 1685 1061 1741 laune
1082 1685 1377 1742 circumvenimus?

284 1770 527 1827 llineritanus.
564 1771 602 1826 lla
625 1771 672 1827 lm!
696 1771 772 1844 quasi
795 1788 850 1826 non
872 1770 924 1825 line
946 1770 977 1826 ad
999 1787 1123 1843 unguem
1151 1772 1314 1827 noveritis.

285 1856 500 1913 Curtisanus.
539 1856 676 1930 Siquidem
700 1857 738 1911 uir
761 1864 802 1912 est
825 1853 938 1916 nobilis.
968 1856 1178 1928 magnanimus,
1214 1873 1318 1931 neque
1349 1855 1427 1912 laede
1448 1874 1517 1929 seqn-

224 1942 306 1997 tietur
327 1941 427 1997 collidi.

166 2043 212 2092 §.s
288 2025 531 2083 llinoritanus.
569 2026 626 2098 Ego
649 2024 774 2082 Caroluru
802 2025 994 2098 imperatorem
1020 2025 1104 2088 adeo,
1138 2026 1201 2083 illic
1235 2036 1399 2101 paraturus
1422 2027 1517 2082 iusidias

222 2111 329 2167 interim
352 2128 400 2167 vos
422 2112 466 2168 nic
488 2111 683 2185 praestolamini
707 2109 853 2184 paulisper.

286 2196 505 2253 Curtisanus.
542 2195 610 2263 unia
634 2197 656 2251 si
679 2196 813 2251 evaserit?
836 2196 897 2269 quis
919 2195 989 2252 enim
1013 2195 1127 2269 ignoret
1152 2196 1308 2253 eiusmodi
1326 2198 1455 2254 ludorum
1468 2215 1517 2253 eur«

221 2281 410 2337 citatissimum
433 2299 507 2340 csse.
538 2289 633 2354 utpote
655 2279 799 2336 militarem
823 2281 978 2336 liotirinem?
1006 2279 1032 2335 Si
1056 2279 1216 2341 videliitur.
1254 2285 1393 2340 mercede
1415 2285 1512 2339 eiinlnu

134 2372 137 2379 '
223 2383 283 2422 inus
305 2367 411 2429 mimos.
433 2383 549 2440 quonum
571 2366 615 2422 liic
636 2367 713 2440 eopi'a
735 2383 831 2438 magna
855 2375 906 2421 est.

168 2466 213 2514 §.n
287 2448 545 2508 llinoritannss
570 2450 652 2524 Capta
686 2451 742 2506 iera
772 2459 829 2505 est:
867 2451 962 2506 ridetis
991 2451 1060 2506 laune
1088 2451 1258 2507 Catonianu
1291 2453 1378 2511 mtm
1415 2465 1517 2511 teneres

223 2536 290 2593 llavo
311 2536 443 2611 capillitio
466 2544 494 2592 et
515 2537 594 2608 nigra
616 2537 835 2610 progredientem
860 2535 960 2593 larba?

67 2628 89 2679 t
286 2621 505 2679 Curtisanus.
543 2619 678 2676 Videmus.

286 2706 531 2762 llineritanus.
568 2704 702 2761 lluttenus
724 2716 774 2761 est.
808 2705 1004 2762 simulunmes
1027 2706 1053 2761 in
1078 2704 1157 2762 illum
1182 2707 1397 2771 oliarmamini.
1422 2709 1517 2766 mulnet¹

224 2792 323 2865 pugnis
344 2790 526 2865 calcibusque.

130 2886 216 2943 ,eta
288 2876 509 2933 Curtisanus.
546 2876 611 2932 llieo
634 2885 660 2932 te
683 2877 800 2933 vinetum
822 2876 944 2933 desieris!

287 2961 471 3022 llutteuus.
510 2960 653 3018 Vinctum?

287 3046 504 3103 Curtisanus.
541 3047 623 3120 Atqui
647 3042 681 3102 ut'
698 3047 829 3109 dicimus,
853 3045 928 3102 ultro
951 3054 977 3101 te
999 3045 1145 3117 adsignata
1170 3047 1284 3107 lteeimi
1312 3055 1467 3126 captivum.

287 3131 470 3187 llutteuus.
507 3130 664 3204 Captivum?
687 3148 768 3205 quain
790 3132 825 3187 ob
846 3134 987 3187 eairssam‘l
1376 3163 1378 3166 ·

289 3216 511 3273 Gurtisanus.
549 3217 640 3272 ltisees
662 3217 713 3272 iam
736 3215 847 3289 ligatus.

289 3301 537 3357 llinoritauns.
574 3301 706 3357 Cattaenas
730 3301 831 3358 inlicite
854 3311 983 3359 actutum.

142 3434 147 3449 ,
289 3385 476 3442 llutteuus.
513 3389 634 3460 Apagete
657 3385 816 3443 nebulones.
861 3388 922 3443 liuil
946 3405 995 3462 per
1016 3389 1138 3444 erucem!

157 3485 216 3534 qu.
288 3471 381 3527 Abel.
418 3471 490 3534 Olre,
513 3472 612 3528 occidi!

291 3555 473 3612 llutteuus.
511 3555 577 3618 ttui,
601 3557 741 3613 trucidabo
764 3575 812 3612 ros
835 3574 937 3613 iinines.
983 3559 1029 3613 sed
1053 3574 1186 3630 ‹qtinrsum
1212 3558 1266 3614 ille
1293 3564 1414 3636 arialugit
1438 3563 1517 3621 lunda

226 3640 394 3697 erreullatus?
425 3642 555 3704 emoriar,
586 3642 614 3697 ni
637 3643 708 3698 liunc
731 3660 785 3715 que
807 3643 914 3699 cinctus
937 3650 979 3699 est
1002 3644 1079 3703 sitne.
1107 3643 1312 3716 pradoearero
1339 3652 1517 3724 quaruprinm

226 3727 258 3782 ad
281 3744 338 3783 eam
361 3726 486 3782 arborem
509 3743 569 3800 quat
591 3727 706 3801 propior
728 3727 827 3789 luent,
851 3728 974 3801 praecisis
996 3727 1107 3784 summis
1129 3728 1263 3785 manilius
1291 3741 1324 3787 et
1351 3735 1481 3808 pedilius.

159 3820 216 3869 tte.
290 3811 509 3869 l'ranciscus.
546 3811 611 3878 Quis
626 3811 669 3867 hie
685 3810 817 3868 tumultus
832 3811 974 3869 lurconum
990 3813 1340 3886 miseredespumantium
1360 3822 1515 3892 sairguiuen

291 3897 475 3953 llutteuus.
511 3896 551 3953 lle
580 3895 649 3952 male
672 3895 864 3959 mulctassenu
898 3897 925 3952 ni
955 3915 998 3954 me
1027 3897 1225 3961 excussissem,
1259 3909 1355 3975 atque
1382 3907 1469 3962 etiam
1488 3906 1517 3957 nii

225 3992 298 4039 ctum
320 3982 511 4056 perduxissent
532 3981 651 4038 Romam.

289 4066 508 4123 l'raneiscns.
545 4067 583 4121 lta
607 4065 661 4122 illis
683 4066 748 4123 licet
769 4066 920 4137 intringere
942 4066 1054 4124 aulicam
1077 4065 1258 4124 libertatern?

290 4152 473 4211 llutteuus.
511 4150 554 4206 Sic
578 4151 664 4207 rides:
689 4151 888 4208 tunmltuantcr
909 4153 936 4209 in
959 4168 1001 4209 me
1025 4152 1179 4214 irruerunt.
1204 4153 1281 4211 niliil
1308 4174 1357 4215 me
1375 4162 1517 4237 sosptem.

226 4236 358 4292 monacho
382 4237 496 4309 [merdam
520 4244 643 4310 apostata
667 4237 788 4293 ductore.
996 4231 1003 4244 ⁸

293 4418 314 4451 ²⁸
334 4419 376 4469 Cf.
389 4433 449 4468 etim
468 4419 522 4469 huc
536 4419 653 4469 Hutteni
671 4419 764 4470 vtilms
783 4424 812 4470 et
828 4419 940 4470 habitus
953 4420 1142 4485 descriptione
1152 4418 1312 4477 (lumem.
1326 4442 1411 4481 narr.
1431 4430 1466 4482 de
1478 4430 1517 4482 Eo*

226 4504 324 4562 lleeso,
339 4517 422 4568 strpru
440 4503 494 4553 rol.
508 4505 542 4553 ll.
557 4503 654 4568 pedu.
668 4521 694 4555 v.
711 4516 741 4556 te.
756 4521 814 4570 sqq.
883 4503 908 4536 ⁸⁰
928 4503 1020 4570 annu]
1043 4505 1223 4570 Appetitoris
1247 4514 1407 4574 pontificii
1431 4533 1517 4568 nomer

225 4602 308 4651 siiprn
325 4589 398 4636 inter
415 4589 697 4651 personns'drumutis
715 4607 769 4640 non
792 4590 968 4641 recensitum.
1004 4590 1046 4639 An
1064 4589 1191 4654 npetu,
1211 4599 1245 4643 nt
1259 4598 1517 4653 andronarum.

227 4686 274 4720 eus
293 4672 419 4736 spectet?
