3276 5414
204 352 277 422 430
645 382 760 416 triduom
781 382 1059 419 rneri'nout'rrittucr.

133 548 192 598 §.rc
201 539 225 594 vi
245 555 289 595 res
310 556 373 611 agas
396 545 521 610 oportet:
543 537 704 600 licnelactis.
727 538 782 595 non
803 540 952 598 maledictis
975 542 1031 598 inec
1054 561 1106 599 arx
1128 557 1342 619 expugnatur.
1381 549 1428 604 sed
1444 566 1511 622 quas

192 620 244 685 te,
268 633 297 679 tu
323 622 387 677 milri
412 621 513 678 lulmcn
534 624 820 679 excommunicationis
842 626 993 682 minitaris?
1013 627 1060 684 die
1080 646 1142 702 qno
1172 631 1263 689 iure?

264 707 383 762 lirliirs.
418 708 542 780 (iptirno,
566 708 673 780 quando
692 711 743 764 iarn
764 710 883 782 priuatus
904 729 949 774 es,
972 729 1021 767 uec
1040 712 1118 769 aliud
1146 733 1244 789 quiam
1269 717 1397 792 quilibet
1417 718 1511 793 plebeio

200 793 341 854 sacerdos:
365 793 446 848 imruo
468 810 501 848 ue
522 793 649 848 sacerdos
668 794 791 866 qnidcur,
814 804 845 850 ut
866 796 1041 852 consecrandi
1062 798 1232 872 impotens.

264 878 397 933 Petrus.
434 877 535 949 Nempe
559 877 666 950 quidem
689 887 813 934 mortuus
837 881 943 953 opinor.

264 961 386 1016 lulius.
426 960 564 1017 Videlicet.

265 1047 397 1101 Petrus.
433 1047 467 1101 Aa
485 1046 536 1100 ista
559 1046 668 1118 quidem
688 1047 792 1102 ratione
817 1048 901 1103 nihilo
926 1049 989 1104 anilii
1012 1059 1132 1123 praestas
1163 1053 1239 1125 plus
1266 1073 1358 1129 quarn
1384 1065 1500 1113 mortuns

265 1130 386 1185 lulius.
423 1130 505 1185 immo
529 1147 608 1204 quam
626 1130 672 1185 diu
703 1131 853 1188 cardinales
873 1134 906 1188 dc
934 1151 1002 1189 nom
1024 1134 1164 1208 pontilace
1191 1138 1393 1211 subrogando
1414 1142 1510 1215 litigaat

201 1233 258 1271 inca
282 1225 324 1270 est
345 1214 552 1270 administratio.

267 1300 403 1354 licerius.
440 1299 473 1354 Ut
495 1300 581 1354 ailinrc
603 1299 663 1354 ritae
683 1300 786 1356 somnia
810 1301 940 1357 somniat!
1516 1321 1530 1359 n

56 1383 58 1387 ’
132 1395 191 1444 §.ru
265 1385 383 1439 lulius.
421 1383 472 1439 Sed
494 1385 544 1439 iarn
562 1382 651 1457 aperi,
674 1384 791 1457 inquam.

263 1470 396 1524 Petrus.
431 1469 462 1523 ni
484 1458 578 1523 merita
601 1485 708 1529 narras.
733 1469 854 1543 inquam.
877 1470 943 1526 nihil
966 1473 1033 1544 agis

262 1553 384 1608 lulius.
423 1552 621 1619 Quaerncrita't
1062 1558 1065 1564 ’

262 1639 393 1693 Petrus.
430 1637 533 1693 Dicam:
557 1636 707 1692 excelluisti
729 1637 853 1694 lontrina
876 1642 969 1695 sacra?

263 1722 383 1778 lulius.
420 1722 542 1786 iiinimc;
566 1739 615 1777 nec
636 1723 686 1777 lioc
709 1722 815 1778 cacalia!
842 1731 882 1778 tot
905 1734 1036 1799 occupato
1060 1724 1157 1787 bellis:
1188 1746 1297 1788 serum
1323 1734 1531 1790 aleriensem

198 1815 240 1861 est
260 1808 387 1870 iratruur.
410 1808 432 1861 si
456 1807 520 1881 quid
542 1807 593 1862 lioc
613 1808 643 1861 aii
665 1824 720 1861 roni
743 1807 871 1881 pertinet.
1191 1810 1197 1820 “

207 1954 210 1959 ⁴
260 1893 392 1949 Petrus.
429 1893 501 1965 Ergo
527 1892 588 1946 vita
611 1893 786 1948 sanctimonia
811 1893 912 1949 inuitos
935 1895 1042 1950 tunsio
1064 1895 1260 1956 luriiliutistii

260 1978 399 2034 iicnius.
439 1978 552 2032 Tartaro
571 1972 651 2049 qiam
674 1977 816 2050 plurimos.
913 2017 918 2025 -

260 2064 393 2119 l‘ctrus.
425 2060 551 2117 illaruisti
573 2060 729 2116 nriraculis‘.t

260 2147 381 2203 lulius.
419 2146 546 2203 Olisolcta
567 2145 698 2218 loquoris.

258 2233 397 2288 Pctrus.
435 2233 505 2287 l‘ure
528 2230 612 2285 orasti
635 2239 663 2285 et
685 2231 811 2287 assidue?

260 2316 377 2372 lulius.
409 2315 479 2382 Quas
502 2332 587 2386 uirgas
608 2314 650 2369 uic
664 2316 774 2388 gannit.

259 2401 391 2455 l‘ctrus.
431 2400 538 2455 ieiuniis
558 2397 712 2472 vigiliisque
733 2402 873 2457 irincerasti
897 2402 1015 2475 corpus?

127 2488 185 2538 itt.
259 2486 395 2542 Genius.
430 2485 524 2540 licsine
543 2501 648 2556 quaeso,
673 2485 772 2540 irustra
795 2485 860 2548 liure,
881 2488 951 2560 apud
975 2484 1045 2542 liuuc
1067 2503 1100 2542 ne
1124 2486 1204 2543 ludas
1223 2505 1361 2564 operasti.

256 2571 390 2626 Pctrus.
429 2570 486 2643 Ego
505 2567 571 2623 alias
594 2568 698 2640 egregii
721 2571 858 2643 pontilicis
879 2572 958 2626 dotes
982 2589 1035 2627 nini
1058 2572 1134 2635 nori.
1164 2573 1188 2628 si
1217 2575 1242 2629 is
1274 2581 1376 2652 inagis
1398 2590 1527 2656 apostos

193 2655 258 2711 licas
281 2655 400 2717 noverit,
424 2662 516 2710 narret
539 2653 605 2727 ipse.

256 2739 378 2795 lulius.
416 2740 573 2811 Quanquam
599 2737 708 2810 indigua
737 2756 781 2794 res
804 2748 860 2801 cst,
892 2740 988 2796 lulium
1012 2739 1090 2796 illum
1118 2740 1247 2799 oninilius
1270 2756 1346 2803 ente
1372 2750 1424 2806 liae
1443 2751 1501 2805 inri-

192 2835 264 2881 ctum
294 2841 364 2880 nunc
384 2826 464 2879 Petro
484 2823 592 2883 cedere.
624 2829 653 2875 ut
675 2824 792 2896 nequid
816 2822 887 2880 aliud
910 2825 1011 2887 dicam,
1037 2825 1181 2899 piscatori.
1204 2844 1236 2883 ac
1256 2846 1347 2902 paene
1371 2836 1499 2891 memlico.

124 2915 281 2966 §.actarum
307 2912 346 2965 uti
368 2926 518 2981 cognoscas
537 2906 687 2962 cuiusmodi
710 2918 868 2965 contcnnras
882 2911 1047 2983 principem,
1068 2910 1129 2965 aridi
1147 2911 1199 2966 iarn
1217 2917 1338 2986 paneis:
1363 2919 1498 2993 Principio

160 3025 165 3033 ·
193 2997 277 3066 ligur
299 3012 375 3056 suin.
399 3011 466 3054 non,
492 3001 521 3047 ut
541 3000 585 3052 tu.
614 2990 732 3053 luciacus,
760 3011 820 3048 cum
846 3011 900 3066 quo
922 2994 987 3049 milii
1011 2994 1050 3051 vel
1073 2995 1125 3051 hoc
1144 3013 1205 3051 csse
1228 3015 1387 3058 continuone
1408 3003 1522 3062 actem

192 3080 264 3153 quod
284 3078 451 3135 nauculatur
470 3077 576 3133 luerint.
643 3069 658 3085 ”

202 3228 215 3274 ⁸
258 3263 264 3293 ¹
284 3262 330 3310 liic
349 3264 421 3311 vires
441 3264 463 3310 l.
482 3259 527 3307 liic
547 3259 619 3306 umis
638 3262 662 3306 2.
672 3262 697 3306 3.
706 3263 730 3306 5.
739 3262 810 3309 un.
831 3261 865 3321 (et
883 3262 921 3310 sir
938 3267 1013 3310 etiarn
1033 3264 1137 3312 Curam
1153 3271 1179 3327 Β)
1196 3271 1229 3314 ott
1250 3273 1346 3329 tttfltttt
1366 3267 1445 3336 libell,
1464 3270 1493 3330 itt

136 3342 138 3346 ⁸
188 3346 308 3410 δίοποι.)
328 3347 526 3396 viruerunt.
546 3358 597 3392 raon
618 3342 709 3391 hicvi
729 3346 925 3394 merovaeo·
955 3344 1067 3409 ²queso
1083 3362 1133 3410 pro
1151 3361 1203 3411 quo
1223 3350 1247 3396 1.
1278 3364 1382 3414 qrraeso
1401 3367 1456 3417 quo
1467 3357 1490 3402 2.

188 3430 557 3496 ³1ilclrciirscsl.5.10.l5.
610 3427 733 3491 privatus
753 3444 781 3476 os
801 3431 942 3479 2.3.8.ll.
978 3429 1227 3494 ⁴OfiAct.Apoat.
1243 3432 1277 3480 Χ.
1294 3436 1489 3501 2o.eqq..t1·.

187 3514 198 3545 ⁵
216 3516 325 3581 quidem
339 3520 362 3564 l.
372 3519 410 3564 10.
421 3519 462 3563 15.
482 3515 547 3577 quia
559 3515 584 3559 2.
593 3514 681 3560 3.5.8.
692 3515 732 3560 ll.
746 3518 804 3562 cett.
819 3518 894 3578 atqcue
913 3517 958 3563 olii
975 3516 1072 3580 quidem
1090 3514 1219 3564 mortuus‘
1229 3516 1341 3580 opinor.
1357 3528 1384 3569 at
1396 3524 1424 3570 2.
1433 3523 1489 3571 M.

187 3605 232 3651 otti
249 3607 379 3664 mortuus,
400 3602 504 3664 opinor.
516 3603 542 3644 nt
557 3600 580 3644 1.
590 3598 719 3644 tullio.
734 3596 779 3645 olii
790 3602 910 3646 mortuus
929 3600 1042 3663 opinor?
1061 3607 1086 3649 et
1098 3603 1122 3651 8.
1157 3599 1250 3650 lVide
1264 3600 1339 3653 licet
1350 3609 1377 3654 5.
1413 3604 1437 3637 ὓ
1449 3605 1487 3653 lc·

187 3688 272 3737 inuiis
283 3702 389 3752 qnoque
402 3686 528 3734 2.3.8.11.
543 3695 649 3744 qnoque
663 3696 711 3728 raon
724 3681 780 3730 drab.
790 3684 928 3732 l.5.10.l5.
975 3699 1045 3733 mee.
1061 3681 1097 3750 e]
1115 3686 1154 3734 eie
1166 3688 1309 3737 caroffi.
1331 3704 1487 3754 corpems·

187 3773 379 3824 cerasumto
415 3767 473 3816 ²5in
486 3765 572 3816 lie-bct
584 3781 618 3813 m.
633 3780 668 3825 a„
682 3770 775 3813 narret
788 3769 986 3817 tasonem.
1006 3767 1129 3818 nobiscum
1139 3769 1239 3832 faciunt
1252 3772 1324 3821 Mo.
1362 3770 1487 3839 ²⁸paene}

185 3860 210 3905 tn
223 3858 270 3906 liae
283 3872 380 3922 quoque
392 3853 540 3904 vocaboloe
552 3853 577 3899 in
597 3864 620 3898 aa
638 3849 783 3911 transnare
801 3852 860 3901 viridi
873 3854 985 3916 pearuisl.
1022 3851 1044 3885 ³⁰
1062 3851 1156 3918 Ligur]
1169 3860 1245 3902 natue
1257 3870 1282 3904 a.
1299 3854 1378 3907 1443.
1390 3860 1486 3908 innita

184 3940 311 3991 Attenia
325 3956 410 4005 prope
422 3937 554 3992 Senonum,
574 3934 700 3998 bipertiri
715 3935 793 3983 maris
810 3937 936 4000 oppidum.
990 3944 1080 3988 tecum
1099 3952 1160 3988 etse
1172 3940 1197 3988 2.
1205 3940 1265 3988 3.8.
1274 3941 1318 3990 11.
1374 3940 1395 3974 ³¹
1416 3943 1483 3991 ieni-

186 4025 294 4074 culator
313 4027 372 4074 3.8.
391 4018 575 4086 naviculator]
596 4019 634 4067 lle
653 4017 720 4066 Icilio
739 4021 908 4071 nooimtotore
926 4031 1037 4073 narrant
1053 4024 1130 4073 etiam
1145 4022 1201 4080 arii,
1219 4029 1247 4070 ut
1265 4021 1411 4076 Braneus:
1433 4026 1482 4081 :A

184 4124 258 4160 remo
278 4110 312 4159 ad
330 4107 459 4158 tribunal·
479 4106 535 4156 diei
553 4105 673 4164 solitum,
693 4102 741 4151 ubi
759 4105 820 4168 quis
838 4112 953 4172 repente
972 4108 1007 4156 ab
1026 4107 1119 4157 infima
1138 4105 1298 4157 conditione
1319 4110 1483 4174 provehitur

187 4194 221 4244 ad
239 4195 349 4244 honesti
366 4192 488 4242 muneris
508 4190 783 4244 administrationem.
812 4193 840 4242 id
863 4191 934 4256 quod
952 4191 1026 4240 bend
1044 4191 1103 4242 scio
1121 4206 1157 4241 en
1175 4190 1225 4240 ulli
1245 4193 1404 4259 contigerit
1422 4194 1481 4245 leli·

183 4278 244 4329 cius
262 4294 344 4343 quem
361 4277 432 4327 Iulio
451 4275 585 4339 seeundo:
605 4291 667 4324 neni
688 4276 763 4325 inmo
782 4283 824 4327 cst
842 4278 912 4326 lnmc
932 4277 1060 4326 iuvenem
1079 4274 1113 4325 ed
1131 4274 1231 4340 stipem
1249 4275 1391 4328 scalmum
1408 4294 1480 4328 remo

182 4362 312 4427 subigere
331 4361 451 4422 solitum,
478 4365 618 4410 ettamen
637 4375 654 4409 a
676 4361 796 4410 remulco
820 4377 875 4411 non
899 4360 985 4413 solnm
1009 4360 1045 4410 ed
1062 4358 1195 4421 tribunal,
1219 4372 1319 4410 vemm
1339 4363 1428 4413 etiem
1446 4362 1479 4412 ed

184 4462 316 4497 sirmnnun
336 4446 404 4496 illud
422 4463 511 4497 rerum
529 4445 710 4494 huninnarum
730 4444 837 4495 culmen
857 4450 970 4496 erectus
989 4450 1046 4505 est;
1065 4460 1117 4495 nec
1135 4448 1285 4495 contentus
1296 4444 1352 4496 hoe
1366 4447 1479 4514 fastigio

181 4532 332 4596 pontilicim
355 4532 468 4581 ditionis
491 4530 624 4597 pomoeria
643 4531 757 4580 muitum
776 4531 903 4595 protulit,
928 4528 1036 4593 longius
1055 4531 1140 4578 etiem
1163 4527 1364 4594 producturus,
1389 4532 1479 4598 siper

135 4602 138 4607 ⁸
179 4616 273 4665 mortis
292 4615 497 4666 inclementiam
516 4617 603 4665 vitam
623 4615 663 4665 illi
677 4616 827 4680 producere
840 4616 991 4685 licuisset''.
1010 4620 1035 4662 ct
1050 4615 1200 4662 Hadrianou
1213 4612 1305 4663 Iasius
1325 4617 1360 4666 ‘A
1372 4616 1477 4682 scopite

180 4701 207 4750 in
226 4701 419 4765 triuiuplialcin
438 4700 608 4765 qonilrigarn'
676 4699 747 4764 apud
766 4700 862 4762 Synos.
882 4700 910 4748 in
929 4714 990 4763 epp.
1005 4697 1038 4746 dc
1058 4698 1214 4747 Andronico
1271 4697 1369 4749 efferri
1387 4707 1477 4767 potest
