3330 5408
231 398 352 466 arenosi
369 432 475 467 aaran!
493 433 611 469 acerras
629 433 755 470 onanrnr.
776 416 822 485 [1.]
839 430 1067 471 corrornra‘ernvu
1085 436 1348 474 annonocrsranvrr.
1396 408 1468 479 577

180 592 306 647 vertenti
336 602 364 646 ct
394 600 458 648 tunc
479 593 577 648 doctor
600 595 728 656 Sanctus,
761 604 788 649 et
810 593 971 667 Capreolus,
1000 595 1154 658 llurandus,
1187 596 1305 652 llerveus
1327 606 1355 652 et
1377 600 1468 654 caeteri

179 675 314 733 columnas
337 676 459 733 ecclesie
483 678 608 734 iacebunt
635 680 704 734 inira
732 694 869 746 scamnum
899 680 924 735 in
957 679 1120 753 pulveribus.
1165 699 1232 754 crgo
1260 692 1467 755 consequenter,

180 762 312 833 magister
333 761 455 818 Eduardc
478 763 543 823 bec.
573 783 620 820 vus
644 765 710 819 estis
732 765 884 825 cotulatior,
915 774 942 819 ct
973 765 1077 820 bebetis
1106 755 1189 821 nmuri
1213 768 1355 840 uaniquum
1379 769 1468 824 odium

177 855 274 902 contra
297 846 435 903 Erasmum
458 857 485 903 et
507 849 650 904 blartinum
672 850 820 905 Lutberum
843 858 870 905 ct
894 848 1002 906 illorum
1030 869 1174 925 sequaces,
1205 852 1271 907 estis
1296 853 1377 908 ctiam
1400 871 1470 909 unus

154 931 269 987 ⁵bonos
302 932 442 996 Scotista,
468 941 495 989 et
527 934 633 990 habetis
666 934 754 990 zelum
782 935 865 991 vestri
893 934 1015 991 «lactoris
1042 935 1170 999 Subtilis,
1204 937 1268 1010 quid
1298 955 1364 1009 crgo
1395 939 1470 995 robis

179 1017 302 1072 ridetur?

243 1100 428 1160 Eduardus.
451 1103 517 1160 Cum
539 1105 761 1180 supportatione.
784 1104 915 1178 Magister
935 1114 1046 1170 noster,
1064 1105 1135 1162 licet
1158 1105 1223 1162 mibi
1247 1106 1360 1180 loquere
1383 1107 1526 1164 unumli·

178 1187 307 1243 veritum?

243 1273 490 1331 Hoclrstratus.
528 1275 574 1330 Vel
597 1286 705 1333 centurn
729 1278 752 1333 si
775 1275 872 1351 placet.

144 1364 170 1404 ¹⁰
245 1359 428 1416 lirlrrardus.
466 1361 608 1435 lidnquam
632 1363 696 1418 milri
720 1362 822 1436 placuit
846 1362 890 1418 illc
913 1381 998 1419 nurus
1021 1362 1132 1423 modus,
1156 1370 1184 1416 et
1199 1362 1238 1417 illi
1256 1363 1316 1418 nori
1332 1363 1467 1426 ductores,

178 1443 370 1517 Hieronymus,
394 1448 577 1519 Augustinus.
601 1448 763 1504 Athanasius
786 1456 813 1502 ct
836 1446 875 1502 illi
898 1457 1002 1521 poetae,
1026 1446 1089 1503 licet
1112 1464 1165 1501 non
1190 1448 1271 1503 sciam
1288 1448 1352 1520 quid
1368 1451 1396 1502 in
1413 1448 1467 1504 illis

177 1529 214 1613 sip
230 1530 369 1602 scriptum,
386 1548 473 1604 ucquc
490 1531 656 1605 intelligam:
673 1534 719 1588 scd
736 1542 823 1588 tamen
841 1542 871 1588 ut
886 1534 992 1588 viderer
1007 1533 1086 1587 ctiam
1103 1532 1257 1587 bominibus
1274 1533 1370 1588 vixisse
1387 1542 1413 1588 ct
1430 1535 1468 1589 la·

177 1631 268 1669 cerem
291 1615 357 1670 mibi
381 1633 479 1672 nomen
502 1617 575 1672 iuxta
591 1635 689 1673 nomeu
705 1636 873 1691 magnorum,
892 1627 947 1674 tres
963 1635 1047 1673 anuos
1063 1617 1181 1690 perdidi,
1205 1617 1304 1690 quibus
1320 1617 1466 1690 aliquando

178 1716 230 1772 pro
253 1698 365 1763 solatio,
390 1702 498 1772 amando
521 1719 576 1757 non
599 1702 671 1758 volui
693 1702 786 1775 legere
810 1702 836 1758 in
860 1703 955 1764 Serto,
980 1711 1042 1776 post
1065 1702 1206 1775 prandium
1230 1703 1388 1775 frequenter
1411 1703 1465 1776 legi

143 1767 304 1839 rattraecnb
328 1794 355 1839 et
378 1785 440 1841 illos
456 1787 563 1842 Graecos
585 1787 712 1845 doctores
734 1789 871 1850 cursorie,
895 1789 965 1844 sicut
987 1786 1154 1843 baccalaurci
1178 1788 1266 1842 nostri
1289 1786 1385 1860 legunt
1401 1788 1452 1842 Seu

176 1870 291 1929 tentius:
313 1878 342 1924 ct
363 1888 413 1944 pcr
434 1871 515 1927 Murri
538 1882 672 1935 sanctum,
697 1874 761 1947 quid
783 1873 909 1928 deberem
924 1874 1029 1935 dicere,
1054 1872 1159 1927 invenio
1184 1872 1256 1944 qnod
1273 1871 1339 1926 nibil
1356 1881 1397 1927 est
1413 1875 1464 1928 nisi
1476 1873 1522 1920 1-7·

178 1971 231 2010 una
265 1953 430 2017 laisiircatio‚
460 1958 534 2030 quia*
553 1956 598 2012 illc
626 1957 752 2014 Erasmus
781 1957 932 2014 falsificavit
958 1959 1010 2014 boc
1038 1974 1136 2013 uorum
1160 1957 1376 2018 Testamentum.
1405 1960 1467 2030 quia

177 2041 289 2095 omniuo
318 2056 371 2096 nou
400 2040 515 2096 babetur
545 2043 571 2097 in
595 2051 686 2098 nostru
710 2042 905 2105 translatione,
935 2061 995 2117 quau
1028 2050 1116 2097 tanrcn
1145 2059 1206 2097 vere
1236 2050 1277 2096 est
1300 2036 1467 2115 llicronymi,

176 2125 248 2180 sicut
273 2125 330 2198 ipse
353 2128 490 2199 pervertit.
535 2126 712 2183 nibilominus
735 2137 823 2183 tamen
846 2146 897 2200 ego
921 2128 1016 2183 monui
1038 2128 1173 2182 bominem
1197 2127 1368 2188 charitative,
1393 2136 1422 2182 ut
1438 2145 1467 2182 sc

139 2210 345 2281 ”corrigerem
369 2209 410 2266 rel
433 2211 490 2265 suis
513 2213 735 2268 annotationibus
758 2215 838 2268 ctiam
862 2221 970 2268 nostras
992 2213 1116 2279 adderet,
1140 2212 1163 2266 si
1185 2211 1267 2266 vellet
1283 2213 1393 2266 omuino
1408 2230 1467 2267 csse

175 2294 220 2350 sni
242 2295 357 2368 capitis:
382 2305 445 2351 tunc
468 2296 519 2351 luit
542 2297 607 2352 udco
631 2298 765 2371 superbus
788 2298 861 2370 quod
883 2297 1012 2353 abstersit
1033 2296 1124 2353 culum
1146 2313 1206 2352 cum
1230 2295 1375 2351 schedulis.

241 2378 489 2436 llocbstratus.
527 2381 582 2454 Ego
604 2381 674 2438 benc
696 2383 800 2444 audivi,
830 2383 903 2455 quod
926 2400 974 2438 vos
995 2382 1050 2437 duo
1073 2399 1128 2437 non
1151 2381 1219 2437 benc
1242 2382 1319 2436 statis
1341 2399 1402 2436 cum
1427 2381 1524 2436 in·l·⁸.

175 2464 277 2519 vicem:
301 2464 367 2521 latet
388 2467 486 2538 angaris
509 2466 536 2521 in
555 2467 656 2522 barba:
679 2477 722 2522 est
744 2467 930 2523 mihimirum
953 2468 1026 2539 quod
1050 2484 1096 2522 ros
1118 2466 1295 2539 contempsit.
1319 2475 1345 2521 et
1367 2467 1468 2521 (licitur
1501 2528 1503 2532 ,

177 2558 267 2605 tamen
289 2551 361 2622 quod
384 2553 419 2605 sit
441 2552 652 2607 humanissimus
673 2561 701 2608 ct
716 2554 809 2626 pueris
825 2551 954 2625 loquatur
968 2560 996 2607 ct
1011 2551 1120 2607 scribat.
1164 2551 1214 2606 Sed
1230 2550 1325 2606 dicatis
1341 2550 1466 2606 ulterius.

141 2639 166 2677 ²³
241 2634 427 2691 Eduardus.
465 2636 538 2692 Licet
561 2639 601 2693 sic
624 2637 718 2699 iaciat,
743 2647 831 2693 tamen
855 2631 992 2710 cgo'odio
1015 2654 1076 2692 eum
1099 2654 1131 2692 cx
1154 2636 1250 2697 corde,
1275 2637 1338 2709 quia
1355 2653 1409 2690 uon
1425 2644 1466 2691 est

175 2718 265 2775 bontas
289 2720 419 2783 Scotista,
442 2729 469 2776 et
492 2722 588 2795 scripsi
610 2731 706 2778 contra
728 2741 789 2778 eum
812 2740 895 2778 uurrrn
919 2721 1032 2777 librum:
1061 2722 1143 2778 credo
1167 2721 1240 2795 quod
1262 2720 1406 2794 aliquando
1430 2722 1467 2774 ri·

175 2805 272 2861 distis:
302 2814 330 2860 et
357 2805 472 2862 scribam
494 2815 589 2862 contra
611 2825 672 2864 cum
696 2808 781 2863 adlruc
803 2807 887 2863 mrdtu
910 2805 1002 2880 plura,
1033 2808 1095 2879 quia
1124 2807 1180 2862 scio
1211 2806 1263 2860 iarn
1286 2806 1417 2878 prolicere
1442 2807 1468 2859 in

176 2888 286 2952 Gracco,
310 2900 337 2945 ct
359 2890 420 2946 volo
443 2891 530 2946 adhuc
552 2891 614 2965 plus
637 2893 747 2948 studere
770 2893 797 2949 in
814 2894 923 2953 Graeco,
946 2901 978 2947 ut
1000 2910 1061 2947 cum
1083 2891 1247 2948 confundam
1271 2891 1341 2964 apud
1357 2891 1468 2963 Episco-

176 2992 227 3047 pos
250 2983 277 3029 et
299 2975 396 3049 Papam
419 2985 447 3031 et
467 2976 635 3039 cardinalem
657 2978 775 3052 denique
797 2987 824 3033 et
846 2977 918 3051 apud
939 2977 1164 3037 llertbuscnsem.
1189 2975 1307 3030 omnium
1331 2975 1469 3031 studioso·

139 3065 240 3115 ”auru
262 3060 382 3123 bostem,
407 3061 517 3116 insidias
540 3079 646 3134 ponam.
727 3107 730 3113 i

195 3159 203 3166 ·
241 3145 485 3202 Hocbstratus.
524 3146 636 3202 Fecistis
659 3148 801 3210 audacter,
824 3146 891 3203 nihil
914 3146 1030 3209 curetis,
1054 3148 1111 3201 visu
1135 3146 1208 3229 quod
1232 3145 1268 3200 ita
1285 3144 1352 3199 nibil
1369 3144 1402 3200 de
1417 3147 1522 3200 rod-⁹·

176 3228 219 3285 bis
240 3239 326 3286 curat.

240 3313 398 3371 Eduardo
407 3335 428 3370 s
466 3316 549 3372 launo
572 3316 684 3378 iaciant:
707 3334 795 3389 neque
819 3317 912 3372 laciarn
928 3316 992 3370 mihi
1009 3315 1203 3371 conscientiam
1220 3314 1379 3389 superbae,
1403 3316 1466 3388 quia

176 3417 322 3473 possumus
344 3399 481 3456 celebrare
504 3401 639 3474 quotidie,
663 3409 691 3455 ct
714 3419 853 3456 rancorem
877 3409 988 3473 portare
1012 3401 1038 3454 iu
1061 3400 1157 3462 corde,
1182 3399 1288 3472 querulo
1311 3401 1353 3454 cst
1377 3400 1467 3454 odium

139 3489 279 3548 ³⁵causaa,
312 3502 367 3541 non
391 3503 530 3559 personae,
561 3486 632 3541 sicut
653 3486 718 3541 dicit
740 3486 837 3541 doctor
859 3486 982 3540 Sanctus.
999 3485 1026 3538 ii.
1043 3485 1070 3538 ii.
1088 3493 1150 3540 artt.
1167 3485 1221 3538 nii.
1238 3483 1334 3538 memb.
1352 3484 1388 3537 iii.
1406 3502 1432 3556 q.
1450 3485 1466 3537 i.

245 3835 254 3870 ¹
273 3839 378 3887 Ductor
396 3837 517 3903 sanctus]
538 3839 657 3888 Thomas
676 3839 807 3901 Aquinas.
822 3839 858 3886 cf.
871 3837 925 3887 vol.
938 3838 960 3886 1.
974 3854 1001 3902 p.
1017 3836 1072 3886 177.
1088 3851 1127 3900 sq.
1199 3831 1360 3900 Capreolusl
1387 3836 1466 3884 loan-

177 3937 243 3983 nes,
262 3925 466 3987 puto,·ordinis
485 3923 511 3973 S.
526 3925 677 3984 llomiuici,
704 3922 813 3983 Gallus,
833 3923 851 3982 †
872 3922 945 3971 1444.
966 3922 1082 3986 Scripsit
1101 3923 1129 3970 in
1148 3927 1279 3985 quattuor
1298 3919 1381 3968 libros
1401 3920 1466 3967 Sen-

175 4008 325 4057 tentiarum
349 4025 397 4073 pro
415 4009 520 4057 'flromu
544 4009 674 4059 adversus
693 4009 819 4070 Scotum,
844 4010 955 4057 Petrum
974 4006 1134 4065 Aureolum,
1159 4004 1319 4055 Nominnies
1343 4004 1465 4068 aliosque

174 4093 289 4142 'rhomae
308 4093 491 4143 adversarios.
512 4092 554 4141 Ol.
568 4093 693 4142 Fabricii
705 4093 777 4142 Bibl.
791 4094 854 4142 Lat.
868 4092 937 4141 med.
953 4097 981 4140 et
1000 4091 1049 4140 ini.
1064 4097 1110 4139 aet.
1123 4091 1144 4138 Ι.
1159 4107 1185 4155 p.
1198 4089 1256 4140 alt.
1310 4087 1466 4154 [turandus]

176 4176 261 4240 (tuit,
280 4179 347 4227 item
361 4178 417 4227 ord.
431 4177 662 4239 Proedioatorum,
681 4177 840 4226 nouaclum
859 4178 932 4225 inter
949 4177 1008 4226 iure
1028 4173 1167 4225 consultos
1181 4175 1272 4223 clamas
1291 4168 1467 4238 (cf.vol.l.¹p.
1553 4169 1555 4174 ’

178 4246 257 4323 l77.),
272 4262 320 4312 sed
332 4265 416 4312 etiam
429 4261 585 4310 Rationalis
596 4262 749 4311 divinorum
761 4259 912 4311 officiorum
925 4264 953 4309 et
962 4261 1093 4309 librorum
1104 4259 1138 4308 ud
1151 4274 1271 4309 canones
1282 4259 1469 4322 spectantium

176 4353 276 4396 auctor
294 4347 536 4397 celebratissimus.
595 4343 730 4409 Heraeus]
750 4331 873 4406 Natalis,
897 4346 1084 4404 Aremoricus,
1106 4342 1161 4392 ord.
1175 4344 1259 4408 praed.
1273 4344 1405 4407 magister
1423 4358 1468 4407 ge-

176 4429 293 4491 neralis,
318 4430 514 4482 subtilissimus
533 4433 560 4481 in
579 4430 671 4496 logica
689 4437 718 4479 et
736 4429 922 4495 philosophie,
948 4431 1060 4494 scripsit
1079 4430 1217 4478 commin
1237 4434 1365 4493 quattuor
1382 4425 1468 4476 libros

176 4515 396 4578 Sententiarum,
421 4517 449 4566 in
467 4515 626 4566 Aristotelis
643 4510 729 4564 libros
748 4513 905 4571 nonnullos,
930 4513 964 4561 de
983 4529 1044 4563 esse
1063 4518 1091 4562 et
1109 4513 1243 4569 essentia,
1268 4513 1302 4561 de
1320 4511 1467 4582 latitudine

177 4602 281 4650 entium
300 4615 330 4653 tt.
348 4599 493 4663 †e.1323.
508 4599 700 4650 ci.Fabric.l.
716 4614 738 4647 c.
758 4599 809 4647 lll.
828 4615 853 4663 p.
869 4597 925 4647 tto.
940 4612 979 4662 sq.
1067 4596 1077 4627 ⁴
1102 4595 1250 4662 Sequeccs]
1277 4596 1467 4652 ciludbibl,

176 4686 328 4738 n.xxxfl.
382 4683 535 4749 tenatius]
550 4685 633 4745 Scoti.
648 4685 683 4733 ci.
698 4683 751 4733 rol.
766 4684 786 4732 1.
802 4700 826 4747 p.
842 4683 898 4731 177.
946 4681 967 4714 ¹³
986 4682 1028 4733 ct.
1041 4681 1095 4732 vol.
1109 4684 1132 4733 1.
1145 4700 1170 4748 p.
1183 4681 1241 4731 bill.
1256 4696 1314 4745 sqq.
1366 4677 1468 4730 ”iter-

175 4766 345 4833 tbuscnscm]
358 4770 519 4819 Hadrianum
532 4769 585 4818 PP.
603 4768 652 4818 VI.
662 4771 749 4833 praello
760 4775 819 4833 port
833 4769 939 4831 sactum.
985 4765 1008 4799 ⁸⁴
1026 4767 1070 4816 (ll.
1083 4769 1139 4820 vol.
1152 4766 1189 4818 11.
1202 4782 1229 4831 p.
1246 4765 1302 4815 105.
1313 4780 1340 4814 v.
1356 4763 1395 4815 13.
1409 4780 1467 4831 sqq.

236 4853 367 4904 Hvrraar
386 4854 453 4903 Ora.
473 4869 536 4904 vot.
551 4854 615 4903 1111.
1206 4851 1245 4911 37
