3276 5414
254 1200 725 1279 APOPHTHEGMATA
757 1197 969 1276 VADISOI
1002 1199 1080 1274 ET
1115 1196 1419 1292 PASQt-‘lnnl

518 1341 568 1393 nu
588 1339 781 1391 conavr'ro
800 1320 916 1389 orant
933 1337 1134 1390 accursus

125 1525 170 1575 §.a
244 1517 336 1572 llixit
358 1515 535 1571 Vaeliscus.
573 1514 707 1587 Theologi
736 1514 918 1569 llomarreuses
946 1512 1085 1586 duplicem
1116 1512 1289 1569 Ecclesiam
1318 1513 1482 1585 distinguunt,

181 1620 260 1659 uuam
283 1600 448 1673 gerreraleur,
473 1600 551 1655 aliam
575 1599 732 1674 specialem,
757 1599 782 1654 id
805 1607 847 1654 est
862 1599 1017 1660 Romanam,
1041 1615 1109 1671 quae
1134 1606 1264 1654 constat
1289 1616 1324 1654 ex
1349 1598 1448 1653 [arabus
1464 1608 1483 1650 rt

179 1687 348 1749 latronibus,
372 1705 403 1741 cs
426 1687 574 1741 simoniaco
597 1684 739 1746 l'outibce.
769 1702 800 1739 ex
823 1682 1018 1757 impostoribus
1040 1691 1070 1738 et
1095 1682 1277 1756 sacrilegis,
1309 1701 1343 1738 es
1368 1685 1496 1741 nauatam

180 1773 256 1829 ribus
278 1780 306 1828 et
327 1772 454 1833 antoniis.
478 1789 511 1827 ex
533 1769 718 1826 adulatoribus
739 1769 880 1844 Episcopis
903 1768 1013 1825 llomaui
1036 1767 1207 1842 pontificis,
1236 1769 1345 1825 scribis
1368 1778 1395 1824 et
1416 1770 1439 1824 it
1452 1786 1485 1841 ge

182 1876 232 1914 nus
253 1857 453 1932 deceptoribus.

127 1936 172 1987 Η·
244 1942 336 1997 llixit
358 1940 566 2015 Pasqnillus.
605 1940 689 1996 Hodie
713 1939 851 2014 impletum
874 1947 916 1995 est
938 1939 965 1993 in
988 1937 1131 2013 prelatis,
1160 1940 1374 1995 sacerdotibus
1398 1948 1424 1994 et
1443 1958 1486 1994 no

181 2027 275 2084 nacbis
298 2027 370 2101 equod
393 2027 503 2100 scripsit
518 2025 660 2082 llalacbias
683 2025 816 2099 propbeta
831 2042 869 2081 ca.
887 2025 914 2080 ii.
938 2023 1026 2080 ‘labia
1041 2024 1210 2080 sacerdotis
1229 2025 1403 2081 custodiunt
1418 2026 1486 2081 scien

182 2112 270 2175 'tiam‚
295 2121 320 2168 et
338 2111 424 2186 legem
441 2114 583 2185 requirent
606 2129 637 2167 es
660 2128 708 2167 ore
731 2112 798 2171 eius,
823 2111 884 2184 qrria
901 2107 1014 2181 angelus
1036 2109 1145 2165 ilonriui
1166 2112 1358 2167 exercituum
1376 2119 1430 2167 est:
1450 2129 1504 2166 iasa

183 2204 280 2253 ‘auteur
297 2198 450 2253 recessistis
465 2198 498 2252 ilo
521 2196 561 2251 ria
584 2204 611 2253 et
634 2195 833 2252 scanrlalisastis
856 2194 988 2269 plurimos
1012 2194 1037 2248 in
1062 2192 1140 2267 lege.
1172 2195 1297 2251 irritum
1323 2196 1435 2252 leo-estis
1453 2213 1486 2269 pa·

183 2291 264 2338 ‘ctum
280 2282 356 2344 Levi,
379 2283 444 2338 (licit
459 2282 586 2338 «lorriiuns
609 2281 794 2338 exercituum!
838 2280 906 2347 Quia
929 2296 994 2352 ergo
1017 2278 1040 2333 si
1062 2279 1272 2352 despiciantur
1297 2282 1356 2337 iam
1380 2282 1486 2336 sacena·-

184 2368 242 2422 tes?
271 2375 481 2440 promeruerunt
503 2367 555 2423 boc
578 2375 686 2440 peecata
710 2367 845 2440 ipsorum;
873 2373 900 2420 et
923 2365 945 2418 si
968 2364 1145 2425 deliciantur.
1183 2375 1429 2425 contemnantur,
1453 2366 1485 2419 de

184 2452 355 2528 purulentae.
380 2454 460 2508 inimo
477 2453 557 2508 etiarn
574 2451 732 2525 relegentur
747 2451 779 2507 ad
795 2459 900 2512 aratra,
923 2450 975 2506 boc
991 2449 1017 2504 in
1033 2467 1091 2504 rem
1109 2450 1249 2523 ipsorum
1267 2461 1333 2514 est,
1358 2461 1391 2507 nt
1406 2470 1485 2506 annua

185 2535 294 2593 illarum
318 2536 398 2593 sabae
420 2539 474 2593 sint
499 2538 525 2592 ia
549 2537 663 2598 iudicio,
687 2536 749 2610 quia
772 2553 826 2592 non
850 2534 948 2591 iudicat
969 2535 1035 2591 ‹leus
1059 2533 1145 2589 bisin
1166 2535 1320 2610 idipsum:
1346 2544 1376 2592 et
1391 2537 1505 2592 ilorniana

153 2620 158 2631 ’
184 2639 293 2695 quoque
315 2622 420 2678 (licente
443 2623 479 2677 ‘Si
504 2622 565 2696 quis
587 2621 804 2678 scandalisarerit
831 2639 914 2676 iurum
943 2620 975 2676 de
1003 2618 1112 2693 pusillis
1142 2620 1212 2676 istis
1246 2622 1300 2695 qui
1327 2624 1356 2677 in
1382 2641 1424 2678 me
1442 2639 1486 2677 cre

184 2707 274 2769 ‘durrt,
297 2707 393 2763 melius
416 2716 458 2763 est
481 2715 511 2763 ut
533 2701 715 2781 suspendatur
736 2706 807 2762 mola
829 2706 944 2762 asinaria
967 2704 993 2760 in
1015 2704 1086 2762 collo
1110 2696 1174 2760 ein⁴s
1200 2714 1231 2762 et
1256 2708 1455 2782 praecipitetur
1467 2724 1486 2760 u

186 2801 281 2854 mare,
305 2811 385 2866 quam
406 2792 566 2849 scarulaliset
588 2810 670 2848 uniam
693 2792 726 2848 ‹le
748 2791 855 2866 pusillis
878 2791 955 2846 istis'

128 2880 172 2929 §.a
248 2877 339 2933 lliait
363 2878 538 2934 l'arliscus.
577 2877 642 2933 Vere
665 2878 716 2933 iam
740 2878 765 2933 in
790 2877 909 2932 llouuno
931 2875 1057 2950 pontilice
1079 2883 1108 2930 et
1129 2876 1249 2931 coeteris
1266 2877 1409 2935 Ecclesia
1431 2895 1487 2951 pre

184 2963 247 3019 latis
269 2961 432 3037 completum
456 2971 498 3018 est
521 2963 592 3036 quod
615 2963 682 3018 (lixit
704 2963 795 3018 Esaias
817 2962 950 3036 propbeta
974 2962 1131 3034 ‘Argentum
1156 2969 1242 3017 tirum
1268 2980 1391 3019 versum
1413 2970 1452 3018 est
1465 2964 1509 3015 ina

185 3049 324 3110 scoriam,
347 3065 483 3122 caupones
513 3049 551 3104 tui
575 3049 687 3105 ruissent
711 3049 773 3103 viuo
796 3065 906 3121 aqua1n;
937 3047 1072 3120 principes
1096 3046 1135 3100 tui
1159 3045 1342 3104 obedientes
1367 3050 1436 3104 socii
1458 3049 1490 3102 ln·

185 3141 267 3195 aum,
292 3150 385 3190 omnes
399 3132 517 3206 diligunt
539 3151 664 3195 munera,
687 3141 840 3206 sequuntur
861 3131 1067 3192 retributiones,
1090 3129 1205 3203 Pupilla
1230 3149 1294 3187 aon
1314 3134 1449 3193 iudicant,
1468 3142 1490 3185 et

180 3228 274 3289 :cansa
296 3219 382 3275 virluae
405 3236 459 3273 non
484 3219 637 3291 ingreditur
658 3219 691 3274 ael
714 3218 790 3281 illos;
813 3226 841 3273 et
864 3217 923 3272 iileo
940 3234 992 3272 narr
1010 3215 1106 3271 iniuria
1123 3216 1273 3273 sustineat
1291 3218 1491 3275 ‹eoniumebasl

185 3312 215 3360 ut
237 3304 306 3360 iilem
330 3303 411 3378 paulo
435 3312 498 3377 post
520 3304 608 3377 iuquit
632 3303 696 3360 ‘llnn
719 3301 882 3359 consolabor
905 3320 987 3375 snper
1009 3300 1134 3356 hostibus
1157 3302 1247 3364 areis,
1280 3313 1314 3360 et
1340 3304 1492 3361 vindicabor

184 3389 225 3445 ‘ile
249 3389 364 3446 inimicis
386 3390 466 3450 meis,
497 3397 524 3444 ot
552 3389 584 3444 ael
613 3407 710 3462 purum
738 3405 884 3461 excoquam
912 3388 1027 3443 scoriam
1055 3403 1154 3447 meam.
1185 3396 1217 3441 et
1248 3389 1387 3446 auferam
1418 3402 1514 3445 oneres

183 3475 319 3530 ‘stannum
343 3482 432 3536 turim,
456 3482 483 3528 et
505 3473 628 3548 purgabo
651 3474 721 3529 filios
744 3473 823 3528 lieri)

129 3561 173 3612 §.a
248 3559 337 3614 uixit
359 3558 570 3633 Pasqirillrrs.
609 3558 776 3633 Curupletunr
806 3567 848 3613 est
875 3558 902 3612 in
925 3557 1007 3613 llorm
1037 3556 1109 3629 quoil
1132 3555 1273 3629 scripturn
1302 3568 1352 3615 est
1377 3560 1444 3616 olim
1464 3560 1492 3613 ele

185 3642 335 3718 Babylone:
360 3644 420 3718 plus
443 3645 513 3700 enirn
537 3644 616 3717 q'uarn
639 3643 757 3718 babylon
781 3643 850 3705 baec,
874 3660 961 3716 neque
985 3658 1101 3715 unquam
1125 3649 1179 3696 tam
1204 3641 1357 3699 scelerata
1383 3646 1437 3703 luit
1458 3643 1492 3698 iel

184 3730 210 3785 in
233 3728 334 3784 delitiis
357 3737 386 3784 nt
409 3729 489 3785 bodie
512 3730 603 3785 Roma.
645 3738 675 3784 et
699 3729 758 3784 iilen
781 3729 922 3801 continget
945 3726 983 3782 illi
1006 3726 1078 3800 quael
1101 3726 1238 3799 scriptum
1255 3737 1305 3783 est
1322 3730 1418 3786 usam
1434 3731 1492 3785 xiiii.

184 3815 225 3870 ‘Et
247 3815 299 3869 erit
314 3813 433 3888 babylon
456 3814 491 3886 (id
514 3823 557 3870 est
579 3813 673 3886 llama)
697 3814 740 3869 illa
763 3811 884 3887 gloriosa
909 3813 934 3867 in
958 3812 1062 3885 reguis,
1086 3810 1185 3885 inclyta
1211 3812 1241 3867 in
1258 3815 1406 3887 superbia
1421 3814 1518 3870 Chal-a·

184 3900 331 3961 ‘elicorum
355 3900 424 3954 sicut
447 3899 578 3955 subvertit
601 3900 727 3955 alturrinus
744 3899 888 3955 Sanlouuun
904 3907 931 3953 et
947 3898 1113 3953 Gomorram.
1159 3912 1217 3952 nou
1243 3897 1433 3957 habitabitur
1454 3919 1494 3955 u<-

184 3994 246 4058 ‘que
270 3984 296 4039 in
319 3984 414 4046 baem.
438 3992 466 4039 et
489 4002 542 4040 mm
567 3983 723 4041 fundabitur
745 4001 831 4057 usqne
855 3983 881 4038 in
904 3983 1106 4055 generationem
1131 3989 1159 4036 et
1179 3985 1426 4053 generationem,
1450 4003 1493 4040 nee

185 4077 278 4143 'ponet
299 4068 337 4124 ibi
361 4070 477 4125 tentoria
493 4069 592 4130 Arabs,
617 4087 667 4127 uec
689 4078 814 4145 pastores
837 4068 1010 4143 requiescent
1033 4065 1081 4129 ibi,
1105 4066 1152 4122 sed
1169 4076 1257 4124 erunt
1274 4067 1317 4124 ibi
1336 4070 1449 4133 bestiae.
1470 4080 1495 4126 et

183 4237 383 4246 ———-

250 4334 534 4386 tbiotae}1.11.7.t3.
605 4338 762 4387 custodient
786 4337 897 4386 alleloelr.
969 4334 990 4367 ¹⁵
1012 4336 1119 4399 Erang.
1139 4349 1196 4384 see.
1217 4336 1332 4387 utatur.
1349 4339 1494 4390 XVIII-b.

183 4422 269 4470 Marc.
284 4422 330 4470 IX.
344 4421 385 4471 al.
400 4424 467 4471 Luc.
482 4422 569 4471 XVII.
583 4424 607 4472 2.
665 4422 687 4455 ²⁰
706 4423 748 4472 cf.
764 4422 828 4471 lsai.
843 4422 865 4471 1.
880 4421 921 4470 2¹2.
936 4436 993 4485 sqq.
1051 4419 1071 4451 ²¹
1091 4418 1171 4469 obed.
1186 4418 1259 4487 soa]
1282 4421 1432 4485 infideles,
1452 4441 1494 4474 se·

184 4507 222 4554 eii
240 4507 260 4557 f.
280 4506 344 4555 lsai.
413 4504 435 4537 ²¹
459 4508 524 4556 Issi.
538 4508 559 4556 1.
574 4508 615 4556 24.
629 4525 669 4573 sq.
739 4506 761 4538 ²⁵
784 4508 902 4556 scoriam
926 4511 1001 4554 trram
1027 4506 1089 4555 lsai.
1160 4501 1183 4534 ²⁹
1207 4505 1303 4557 Immo
1331 4510 1407 4561 Issi.
1420 4510 1493 4561 xm.

186 4589 288 4639 abab
309 4591 351 4640 cf.
366 4593 464 4642 lerem.
478 4594 509 4642 L.
523 4592 564 4643 aa.
579 4609 618 4657 sq.
666 4592 729 4641 ²⁰in
742 4599 801 4642 nerle
815 4608 873 4659 sup.
886 4595 956 4643 ornis.
974 4592 1047 4656 Vulp.
1094 4584 1218 4653 ”inm
1237 4592 1319 4657 Vulp.
1367 4592 1499 4659 ⁸⁸erunt]

183 4677 359 4744 requiescent
380 4680 453 4741 Vulp.
