3276 5414
347 1133 468 1183 Vadieeo
486 1132 597 1199 dialogo
614 1132 789 1199 praefationis
807 1132 868 1184 loeo
886 1135 1029 1199 praemissa
1048 1131 1168 1198 epistula
1186 1131 1356 1182 Sebastiano
1375 1130 1412 1181 de
1432 1131 1578 1180 lioteabaa

280 1234 313 1268 ex
330 1217 538 1284 propugnaculo
557 1217 742 1284 Steekelberg
753 1219 847 1268 Idibus
859 1219 1020 1268 Februariis
1034 1219 1099 1266 anai
1112 1217 1257 1267 M.D.XX.
1272 1216 1378 1283 scripta
1392 1216 1500 1265 Latiae
1513 1216 1577 1265 Ger·

239 1360 241 1366 y
280 1305 445 1368 maniceque
459 1302 585 1352 exhibita
603 1306 646 1351 eat
663 1302 718 1353 vol.
730 1303 752 1352 I.
766 1319 792 1352 u.
807 1303 890 1353 CLII.
906 1318 987 1369 pagg.
1002 1302 1108 1367 3⁶22.sq.
1129 1301 1171 1351 ef.
1186 1301 1273 1351 ladio.
1287 1300 1423 1366 bibliogr.
1438 1316 1464 1349 a.
1478 1298 1575 1350 XXl'L

279 1389 321 1438 Ex
338 1393 457 1453 paterna
475 1402 539 1437 aree
558 1386 761 1453 Steokolberga
778 1388 918 1437 Hutteaua
937 1387 981 1436 die
1000 1384 1041 1435 28.
1055 1386 1137 1436 Febr.
1153 1385 1187 1435 ad
1199 1385 1447 1435 Melanebthonem
1466 1386 1576 1449 scripsit

281 1471 370 1535 „Mihi
399 1488 470 1521 nune
499 1471 605 1537 dialogi
629 1472 799 1522 excuduntur
821 1472 902 1522 Triaa
925 1472 1049 1522 Romana
1079 1475 1107 1521 et
1129 1471 1342 1535 inspicientea.”
1380 1470 1463 1533 (vide
1488 1468 1574 1519 roll.

279 1573 306 1621 p.
319 1554 390 1619 325.)
410 1571 504 1606 meuse
517 1557 605 1621 Aprili
618 1562 678 1606 tota
690 1555 862 1621 dialogorum
879 1547 985 1615 πεντάς
1002 1555 1113 1621 prodiit.
1133 1553 1417 1620 (ei.la‹lie.bibliogr.
1432 1571 1459 1620 p.
1472 1552 1536 1604 48&
1549 1556 1575 1603 ia

279 1640 354 1704 fiae.)
374 1641 491 1706 adparet
508 1642 603 1706 itaque
621 1641 694 1690 hune
712 1641 852 1706 dialogum
865 1657 914 1706 per
926 1640 1043 1690 hiemem
1057 1656 1082 1689 a.
1098 1638 1171 1689 1519.
1186 1639 1358 1705 conpositum
1370 1639 1476 1699 fuisse,
1497 1655 1574 1704 qaam

278 1726 414 1774 rationem
425 1726 498 1774 inter
508 1725 578 1776 alios
589 1726 669 1775 huius
680 1725 786 1791 dialogi
798 1726 872 1775 loeos
886 1724 1049 1776 confirmant
1060 1725 1144 1774 etiam
1155 1725 1195 1785 ἐξ.
1207 1722 1372 1774 8.18.3o.—
1391 1724 1449 1773 Sub
1461 1724 1574 1774 Vadiari

277 1811 387 1859 nomine
401 1809 512 1859 Crotum
525 1811 680 1860 Rabiaaum
699 1811 818 1860 amicam
836 1825 913 1860 saum
925 1812 1079 1871 liuttenua,
1099 1815 1124 1859 ai
1136 1816 1213 1859 reete
1227 1809 1361 1871 divinavi,
1379 1808 1463 1858 nobis
1477 1824 1574 1874 repra·

278 1900 385 1956 sentat,
406 1898 434 1943 et
451 1893 618 1944 Eruboldum
636 1895 760 1945 Halteao
777 1893 926 1945 Arnoldum
944 1895 978 1944 de
992 1894 1133 1959 Glaaberg
1151 1894 1238 1945 luisse
1255 1894 1392 1960 auspicor.
1412 1894 1445 1943 la
1463 1894 1575 1959 dialogo

278 1980 353 2029 infra
376 1980 527 2044 repetendo
552 1979 597 2029 eui
620 1980 782 2029 inscribitur
801 1977 907 2044 ‘Pugna
930 1980 1052 2045 pietatis*
1070 1978 1207 2029 Vadisoua
1226 1977 1385 2044 appellatur
1405 1978 1465 2028 ‘ille
1479 1980 1575 2029 Roma·

278 2079 329 2114 aua
348 2064 461 2127 eonsul',
486 2066 532 2129 qai
559 2065 676 2114 ‘ociosus
700 2064 769 2114 nihil
793 2065 853 2130 agit
876 2064 951 2113 aliud
975 2078 1056 2128 qaam
1080 2063 1152 2128 quod
1175 2064 1290 2114 aliorum
1314 2079 1408 2113 mores
1428 2064 1575 2113 observat.⁸

277 2150 358 2199 Hune
377 2151 465 2215 ipsum
484 2148 624 2214 dialogum
637 2148 719 2199 Croto
739 2149 863 2214 equidem
883 2147 1110 2199 adiudieaverim.
1125 2174 1157 2183 —
1169 2148 1223 2199 Via
1240 2163 1307 2214 opus
1321 2149 1375 2198 erit
1388 2148 1497 2198 diserte
1510 2164 1576 2214 pre·

277 2249 388 2283 mouere
412 2234 484 2283 hane
502 2233 633 2282 Triadum
651 2234 767 2284 formam
786 2248 874 2298 aeque
899 2249 931 2283 ex
954 2232 1075 2298 trilogiis
1094 2233 1250 2284 Graecorum
1271 2248 1361 2298 aeque
1386 2248 1423 2282 ox
1440 2233 1576 2283 triadibus

278 2316 442 2379 cambrione,
456 2318 505 2367 sed
518 2317 726 2368 eaChrietiaais
738 2318 972 2383 tripartitionibus
985 2318 1155 2384 desumptam
1169 2333 1239 2368 esee.
1256 2323 1380 2368 aeterum
1387 2318 1484 2368 Graeci
1495 2320 1576 2368 etiam

277 2406 335 2450 tum
354 2401 387 2450 de
407 2401 495 2451 tribua
513 2402 675 2464 virtutibus,
693 2412 724 2452 ut
743 2403 815 2467 apud
834 2402 971 2452 Stobreum
991 2401 1025 2465 (1.
1039 2401 1076 2465 8.)
1094 2402 1241 2468 Euripides
1260 2404 1288 2451 in
1306 2402 1433 2469 Antiopa

484 2486 570 2548 Τρεῖς
588 2481 662 2537 εἰσὶν
680 2476 795 2551 deerat,
813 2478 864 2544 τὰς
883 2479 973 2551 χρεών
991 2476 1015 2536 σ’
1033 2476 1148 2550 ἀσκεῖν,
1167 2480 1278 2550 τέκνον,

482 2563 572 2630 θεούς
590 2586 619 2621 τε
638 2570 740 2638 τιμᾶν,
760 2565 826 2629 τούς
844 2585 873 2621 τε
892 2566 1061 2636 θρέψαντας
1079 2574 1182 2637 γονεῖς,

481 2649 586 2721 νόμους
604 2671 633 2707 τε
652 2649 767 2714 κοινοὺς
783 2647 928 2714 Ἑλλάδος·
946 2652 1105 2706 καὶταῦτα
1125 2655 1201 2720 δρῶν

479 2733 631 2792 κάλλιστον
649 2736 722 2804 ἕξεις
740 2735 883 2805 στέφανον
901 2733 1031 2799 εὐκλείας
1048 2731 1104 2791 olel.

279 2828 335 2873 tum
355 2824 388 2873 de
408 2825 496 2875 tribus
514 2825 596 2876 malis
614 2826 775 2891 loquuntur,
795 2831 826 2875 ut
844 2826 890 2876 bie
909 2840 1005 2876 versus
1023 2826 1120 2876 babet:

482 2909 545 2976 Πῦρ
563 2906 613 2962 καὶ
631 2904 764 2962 θάλασσα
782 2908 832 2961 καὶ
851 2903 938 2976 γυνή,
957 2904 1032 2961 κακὰ
1051 2911 1125 2976 τρία.
