3276 5414
269 374 315 444 54
565 386 615 435 111.
687 400 825 435 umnvnrs
846 400 868 434 a.
888 398 970 434 Arna.
1008 398 1158 433 nranorrrs.
1178 385 1262 449 (¹518.)

267 566 368 636 aperte
392 556 499 617 inimici
522 563 603 623 suut,
639 555 723 614 sarilo
750 554 786 614 uir
814 555 859 615 iris
886 554 937 614 tilii
966 555 1091 621 rm'oris;
1126 554 1184 614 hoc
1212 553 1322 614 maium
1351 573 1406 632 per
1435 556 1563 631 sporiem

267 660 400 719 amicitirn
423 658 496 719 olom
519 657 637 734 irrepit,
662 656 801 716 biaruiurn
825 674 985 724 renonum,
1009 655 1104 716 fricata
1127 658 1226 734 postis.
1265 664 1353 736 atquo
1376 657 1493 736 atiquos
1512 658 1564 717 ho·

267 779 333 821 rum
356 761 423 819 nori
447 761 537 820 miros
561 760 588 818 in
611 759 715 818 modus
738 760 904 836 principum
928 758 1056 819 lronitato
1079 759 1248 827 abutuntur,
1272 759 1415 837 quosdam
1440 762 1563 820 remita

267 863 443 923 oiimmiuato
465 868 661 929 assontautos,
690 868 719 919 nt
745 878 803 919 non
827 860 915 920 vorira
939 867 1051 920 tontum
1075 861 1164 921 robus
1187 861 1425 929 accommodent,
1463 880 1562 922 rerum

268 965 354 1024 otium
376 971 461 1039 gestu
485 963 573 1023 rerba
597 963 778 1042 exprimunt:
802 965 831 1022 iu
854 962 961 1040 quihus
985 962 1155 1023 salsissimus
1177 964 1266 1022 animi
1294 963 1380 1023 index
1405 964 1586 1024 nannents

267 1084 335 1124 nam
358 1082 475 1124 omnam
498 1071 664 1142 opportune
687 1065 823 1124 affectum
846 1063 998 1132 simulant,
1023 1071 1052 1122 ot
1074 1071 1105 1122 ut
1126 1064 1225 1124 ruiuut
1241 1064 1370 1125 colorem
1387 1064 1485 1124 tultus
1501 1084 1564 1126 mu·

266 1174 345 1234 tant,
369 1167 419 1226 udi
441 1186 475 1226 ac
498 1165 601 1227 molles
624 1174 652 1226 ot
675 1184 881 1244 quumruuquo
904 1183 1061 1242 porsonam
1083 1166 1194 1241 tirrgrro
1209 1165 1294 1236 roim,
1318 1166 1431 1227 idonei:
1457 1168 1566 1247 quippo

270 1269 367 1327 omniu
389 1268 472 1328 sarilo
495 1268 645 1327 imitantur
668 1286 701 1326 no
725 1269 899 1344 exprimunt.

201 1387 260 1438 §.aa
334 1389 461 1430 oasrvu.
500 1369 630 1439 Qualiter
652 1368 699 1429 iilo
722 1371 856 1429 rxistiruu
879 1368 1004 1448 Philippi
1027 1369 1176 1445 nutriatur,
1206 1372 1256 1448 qui
1284 1388 1316 1430 so
1346 1370 1484 1431 rlmnlum
1513 1372 1566 1431 sm-

270 1472 372 1549 ζώει,
397 1472 475 1550 quoii
499 1473 522 1530 is
545 1490 613 1531 crus
636 1472 761 1530 smrturn
785 1471 922 1540 hoborot,
957 1472 993 1531 ob
1025 1472 1111 1551 itique
1141 1471 1242 1531 uitulus
1273 1474 1359 1531 otiam
1386 1481 1597 1554 contorque-u

268 1574 335 1642 bat,
360 1574 439 1652 quod
463 1574 565 1634 ruriam
588 1580 673 1650 gasto
696 1564 893 1632 asserimus.
938 1573 974 1634 Et
997 1574 1050 1632 tros
1073 1573 1154 1633 alunt
1175 1575 1323 1651 principes
1346 1593 1380 1633 aa
1402 1574 1567 1635 honoribus

269 1676 413 1736 offerunt?
1293 1730 1297 1737 ,

332 1796 496 1837 ursarnrs.
535 1776 634 1835 Primo
657 1776 721 1835 toro
744 1777 858 1855 ‹irropti
880 1777 992 1837 sriiirot
1014 1795 1067 1855 prr
1096 1795 1244 1847 errorem,
1272 1778 1407 1837 homines
1429 1777 1567 1856 gravibus

274 1879 381 1957 alioqui
405 1880 483 1940 ruris
505 1877 636 1955 impliciti
660 1886 688 1937 rt
711 1878 747 1938 ad
770 1880 915 1939 tristitiam
938 1879 976 1939 oir
999 1880 1027 1939 iri
1051 1879 1209 1957 pruciirm,
1233 1899 1306 1958 quos
1330 1878 1369 1940 iiii
1392 1886 1476 1956 gratu
1492 1898 1566 1940 sem-

272 1999 325 2059 per
347 2000 381 2041 oc
405 1980 467 2041 irata
492 1982 663 2041 nunciantes
686 1980 813 2040 iucunde
836 1982 980 2049 ottioiunt,
1005 1982 1100 2040 omniu
1125 2000 1226 2041 rorum
1250 1962 1446 2049 minutantur,
1471 1982 1596 2041 omniun

202 2095 260 2146 §.³2
271 2082 406 2143 laudibus
429 2084 598 2151 efferantes,
630 2084 715 2143 etiarn
739 2102 772 2142 oa
796 2101 860 2160 qum
883 2083 1061 2160 iniquissima
1084 2084 1227 2143 norariut.
1272 2083 1337 2144 Non
1366 2090 1410 2142 ost
1438 2084 1568 2143 invenire

247 2170 349 2244 'aliud
373 2185 429 2244 hoo
452 2184 603 2245 homiuum
627 2203 735 2262 gruere
758 2186 850 2262 peius.
896 2192 983 2264 atquo
1009 2185 1039 2244 hi
1066 2192 1134 2244 sunt
1161 2187 1211 2263 qui
1233 2186 1294 2244 suis
1315 2185 1450 2263 pessimis
1474 2186 1567 2244 consi·

270 2286 316 2345 liis
339 2287 448 2362 optimo
471 2287 614 2345 animatos
637 2287 786 2365 principos
808 2287 837 2344 in
861 2284 1021 2346 nmitorurn
1045 2304 1079 2345 ao
1101 2286 1129 2344 in
1146 2286 1227 2346 orbis
1243 2287 1404 2365 perniciem
1419 2287 1568 2346 invertunt

271 2404 305 2445 uo
329 2393 514 2463 por-rortunt,
539 2405 655 2464 semper
678 2387 810 2464 riupiiros
833 2407 867 2447 ao
890 2387 1049 2463 bilinguem
1073 2404 1127 2464 pur
1150 2406 1225 2466 quos
1247 2390 1277 2447 m
1300 2406 1358 2466 quo
1375 2388 1473 2446 minus
1488 2395 1567 2447 recta

272 2489 386 2565 sapiant
408 2496 524 2549 rocturo
547 2490 653 2549 sariunt
677 2489 731 2557 iiii,
756 2508 822 2548 narn
847 2490 891 2548 iris
914 2489 1067 2550 autoribus
1088 2508 1185 2567 nuqua
1201 2490 1286 2549 lionis
1301 2491 1455 2568 prnrnium
1473 2505 1598 2568 nequeo

271 2608 357 2667 poma
380 2588 464 2650 maiis
487 2599 544 2659 eat:
568 2591 597 2650 tri
614 2598 696 2659 sunt,
721 2591 820 2659 Casto,
844 2591 893 2668 qui
911 2591 1024 2650 imnum
1043 2591 1185 2659 ronriuut,
1210 2591 1315 2669 quibus
1331 2590 1368 2650 ab
1384 2590 1439 2650 iilis
1456 2600 1568 2669 omptu-

271 2691 354 2755 ribus
376 2692 483 2752 (linitur
506 2693 688 2753 ‘oornnrrmla
711 2712 759 2753 mo
782 2693 931 2772 prinripi’;
962 2700 1040 2752 corto
1069 2693 1164 2753 officia
1193 2701 1221 2752 ot
1250 2694 1441 2771 proiecturas
1464 2693 1501 2752 ab
1525 2693 1569 2753 iris

272 2794 397 2854 mercari
425 2794 492 2855 linet
522 2803 565 2862 ot,
595 2803 626 2855 ut
651 2795 758 2873 aliquid
783 2796 890 2854 sariunt
912 2793 1056 2872 aiiqrririro
1085 2795 1183 2854 dicunt
1209 2795 1371 2873 prinoipm,
1406 2794 1568 2861 redimere:

273 2896 379 2974 quibus
402 2899 488 2956 otiam
512 2915 587 2975 quos
609 2896 709 2956 roiuut
732 2915 816 2957 caros
839 2915 1017 2974 rursumque
1045 2897 1166 2957 infestos
1195 2914 1269 2974 qnos
1297 2896 1398 2955 roiunt
1425 2897 1568 2964 reddunt:

273 2999 302 3058 iri
325 3017 341 3058 a
365 2999 471 3077 quilius
493 3018 615 3059 urunora
638 3018 755 3077 quoquo
778 3007 971 3076 orooperunt,
995 3000 1029 3057 iis
1051 2998 1207 3076 aliquando
1230 2999 1330 3058 iurum
1354 2997 1465 3057 fuciunt
1488 3005 1516 3057 ot
1539 3000 1600 3057 inu

205 3118 263 3167 §.aa
275 3119 376 3161 caussa
400 3109 482 3172 suut,
507 3100 666 3161 multorum
688 3102 853 3179 prinripunr
879 3100 998 3160 inlicitas
1014 3107 1046 3160 nt
1060 3107 1159 3178 purout
1177 3107 1203 3159 ot
1221 3099 1422 3167 srrirrortatur;
1447 3098 1568 3167 insunt,

272 3259 474 3267 ——--

340 3357 351 3387 ³
369 3358 464 3406 mirum
485 3359 512 3404 in
531 3356 694 3405 modun113.
767 3357 898 3417 ,Quosdi
911 3359 935 3404 5.
956 3354 992 3414 (rt
1011 3356 1066 3416 otii)
1085 3370 1154 3404 corr.
1170 3356 1205 3404 ΙΙ.
1226 3393 1232 3416 ‚
1248 3370 1264 3418 q
1334 3351 1344 3384 ⁵
1363 3352 1427 3402 fals.
1441 3369 1487 3403 an.
1503 3354 1520 3402 i.
1536 3351 1567 3419 t]

274 3441 378 3490 Contra
396 3442 529 3490 unitatum
548 3441 731 3506 proverbium.
756 3441 797 3489 Ad
816 3442 848 3501 Q.
864 3441 922 3489 rie.
937 3440 970 3488 ria
984 3445 1040 3505 pat.
1056 3455 1129 3488 cona.
1147 3439 1185 3488 ll.
1201 3439 1247 3487 nbi
1266 3439 1299 3488 de
1317 3439 1429 3499 „fronte
1448 3453 1509 3502 quae
1528 3444 1570 3487 est

275 3526 360 3575 animi
381 3526 480 3577 ianua'’
500 3526 615 3588 dieitur,
636 3526 681 3573 hic
700 3524 777 3574 iocus
797 3526 919 3589 respicit.
973 3524 984 3554 ⁶
1004 3524 1093 3573 ‚Nam
1112 3525 1149 3573 H.
1162 3540 1211 3588 pro
1225 3525 1284 3575 edd.
1299 3524 1352 3585 Qui
1372 3524 1570 3588 qrrod13.quo·

275 3625 327 3674 que
346 3611 470 3661 retinuit.
524 3616 657 3676 oportuno
672 3612 875 3671 1...4.210.12.
933 3610 1204 3659 rtntedd.corr.ll.
1280 3608 1568 3673 '.Quippesecitll.

274 3711 309 3745 en·
327 3696 382 3758 Qui
394 3701 419 3745 5.
439 3695 551 3761 (quiquo
570 3700 595 3744 in
614 3696 672 3744 eud.
691 3711 747 3743 eane
766 3697 918 3743 menducium
937 3700 974 3743 est
995 3695 1049 3751 13.)

427 3782 533 3843 „Nemo
552 3796 629 3842 siros,
649 3781 709 3828 bruc
730 3784 772 3828 ost
790 3779 869 3828 Aulin!
885 3785 985 3829 natura
1004 3779 1133 3844 potentis,

478 3866 532 3915 Sed
551 3865 655 3914 domini
673 3879 762 3914 mores
781 3863 959 3913 Coesarianus
978 3865 1088 3913 lrabet¹'.
1126 3863 1242 3912 Martini.
1256 3862 1348 3927 Epipr.
1362 3864 1410 3913 lx.
1424 3862 1458 3913 80
1472 3862 1536 3926 (81).

274 3949 329 3983 ⁹··¹¹¹
343 3950 510 4012 Qualiter
524 3950 614 3999 herrm.
624 3951 710 3999 udrcr.
719 3950 756 3999 ΙΙ.
771 3950 828 3999 Com
841 3956 899 3997 cett.
914 3951 1048 3999 erimomir.
1057 3951 1099 3998 13.
1119 3949 1264 3998 Fabellam
1278 3954 1389 3998 enarrat
1399 3948 1570 4014 ‹iaCiiropho

275 4038 399 4102 parasito
419 4053 452 4086 ex
470 4036 598 4086 Atlrenmi
616 4035 749 4098 Deipnoa.
764 4035 809 4083 Vl.
824 4035 865 4083 m.
890 4032 945 4096 (erl.
960 4034 1114 4098 Schweigh.
1128 4034 1165 4082 11.
1184 4050 1210 4098 p.
1224 4034 1295 4096 ⁴51.)
1318 4034 1409 4082 Minus
1427 4033 1511 4098 piena
1529 4038 1571 4083 est

275 4123 399 4172 narratio
411 4121 522 4171 Aeliani
536 4122 570 4170 H.
583 4121 615 4170 Α.
634 4119 715 4169 lxm.
785 4116 806 4150 ¹³
825 4120 916 4169 Primo
935 4119 1010 4180 loco,
1035 4119 1146 4184 decepti
1169 4118 1293 4179 scilicet,
1318 4119 1404 4168 orirer.
1420 4120 1456 4168 H.
1473 4136 1523 4184 pro
1542 4135 1571 4168 eo

275 4210 344 4273 qood
361 4211 385 4256 in
404 4209 462 4257 eriri.
482 4213 520 4255 ert
538 4207 575 4255 Et
593 4206 680 4270 primo
699 4203 760 4253 loeo
779 4205 891 4268 rieoopti
910 4203 1033 4265 scilieet,
1054 4203 1114 4253 deo.
1129 4202 1189 4252 scii.
1204 4220 1250 4253 om.
1267 4206 1309 4252 13.
1381 4201 1403 4237 ¹⁴
1420 4204 1454 4253 ob
1475 4204 1504 4273 id
1526 4205 1571 4253 nri-

273 4294 375 4342 smll.
439 4293 533 4353 ,Quos
552 4292 610 4340 edd.
630 4306 646 4354 q
665 4291 784 4339 cornil.
850 4288 870 4320 ¹²
888 4288 1062 4338 Adulatoras.
1082 4292 1199 4351 mor·p.5.
1266 4286 1286 4318 ¹⁹
1306 4294 1427 4336 armatos
1441 4292 1485 4338 13.
1539 4304 1572 4337 ao

274 4379 410 4427 adremll.
483 4375 625 4438 ¹⁹.Somp
638 4379 672 4433 5.,
698 4390 806 4439 sempor
824 4389 892 4423 corr.
909 4374 944 4423 ΙΙ.
1022 4380 1050 4423 ut
1071 4373 1210 4435 bilingues
1225 4376 1267 4422 13.
1337 4369 1360 4402 ²⁰
1383 4372 1491 4434 Quibus
1513 4374 1571 4422 edri.

275 4463 365 4512 ,Nam
383 4462 428 4512 his
445 4462 563 4511 coruli.
634 4456 654 4490 ²¹
675 4460 740 4507 fum.
759 4455 850 4522 vemt]
870 4457 913 4507 Cf.
933 4459 1006 4507 infra
1031 4458 1237 4508 adnotationem
1264 4458 1299 4507 ad
1323 4457 1402 4517 Μ’).
1443 4454 1466 4487 ²²
1490 4459 1573 4507 Porro

275 4549 334 4597 edri.
354 4546 488 4596 Cartoll.
541 4546 585 4594 his
600 4546 634 4594 ΙΙ.
656 4544 711 4592 illia
730 4545 789 4592 oriri.
804 4548 879 4592 etima
893 4547 936 4594 13.
988 4541 1010 4574 ²³
1028 4545 1065 4593 nt
1083 4549 1112 4592 ut
1130 4544 1189 4592 edd.
1211 4545 1336 4592 otutll.
1390 4541 1497 4606 aliquid
1515 4543 1572 4591 edri.

274 4649 308 4680 ro
327 4633 387 4681 adit
401 4633 437 4681 II.
489 4629 512 4663 ²⁸
532 4632 615 4680 otiam
635 4632 695 4679 oriri.
711 4631 745 4678 II.
799 4644 905 4677 rursum
924 4644 990 4694 qnos
1009 4628 1112 4691 volunt,
1133 4629 1182 4677 inf.
1197 4628 1314 4677 reddunt
1326 4629 1385 4677 edd.
1402 4627 1524 4676 Correxit
1538 4626 1572 4675 II.

274 4713 296 4746 ²⁵
315 4717 399 4765 iisll.
419 4715 462 4764 iris
481 4717 539 4766 edd.
559 4716 633 4763 etium
648 4717 691 4764 13.
765 4710 818 4745 ²³³⁸
842 4718 870 4762 ot
893 4715 921 4762 in
946 4729 1086 4763 caussa...
1101 4713 1280 4764 subvertatur
1303 4710 1363 4777 [pon
1387 4716 1415 4760 ot
1439 4711 1574 4776 imprimis
