3276 5414
159 411 277 448 nranoor
292 412 398 446 suerum
411 412 529 447 resrrva
542 411 668 447 caunror.
689 393 732 462 [ol
752 410 996 447 arorurusorura
1009 410 1121 446 veniser
1134 411 1169 446 rr
1183 410 1340 452 rasorium.
1372 379 1441 450 591

160 581 243 646 punt,
273 581 341 644 quot
363 569 441 625 horare
465 570 523 643 spei
546 588 661 643 pueros,
692 571 800 626 iuvenes
825 577 856 624 et
885 569 1002 642 virgines
1031 568 1143 623 mittunt
1166 568 1192 623 in
1215 576 1355 624 tartarum.
1400 569 1445 641 qui

160 658 182 711 si
198 655 358 729 simpliciter
373 664 524 716 errassent,
547 655 663 710 tuissent
679 655 761 712 sernel
777 654 824 710 lilii
840 654 985 727 gelreame:
1008 670 1079 708 nunc
1094 670 1158 708 vero
1174 648 1306 709 maiorum
1322 653 1447 727 exemplo

160 759 242 814 pram
268 741 361 796 imbuti
384 757 438 813 non
462 749 515 795 tarn
537 749 646 814 aequant
668 757 746 814 quam
769 740 902 796 excedunt
925 739 1005 794 etiam
1028 739 1183 811 magistros,
1205 747 1236 793 ut
1258 739 1369 794 omnino
1384 756 1447 795 vere
1511 747 1518 759 ⁴

158 827 257 881 dixerit
280 824 370 881 Esaias
393 825 527 899 propheta
550 825 651 881 ‘Omnis
673 824 816 899 hypocrita
838 832 881 880 est
903 832 931 879 et
953 840 1083 897 nequeun,
1112 831 1140 879 et
1167 823 1322 879 universum
1351 842 1383 878 os
1406 823 1448 879 lo·

137 920 262 967 s‘eutum
284 920 326 967 est
348 909 514 966 stultitiam':
539 918 643 966 tantum
665 911 801 966 exteriora
823 925 895 965 nune
916 908 1081 982 respiciunt,
1105 907 1132 963 id
1154 916 1196 963 est
1218 909 1393 971 ceremonias,
1417 919 1447 966 ut

160 996 301 1051 videantur
324 995 356 1050 ah
379 995 549 1056 hominihus,
580 1005 611 1051 ut
640 994 693 1050 illis
722 995 876 1069 imponant,
908 1002 937 1049 et
963 992 1015 1049 suh
1041 992 1135 1049 habitu
1164 992 1306 1065 religionis
1333 993 1447 1050 liberius
1533 991 1538 1002 '

160 1166 237 1220 stitui
262 1183 339 1238 apuam
362 1164 469 1238 publiea
492 1175 591 1220 srorta.

226 1251 318 1306 ltixit
339 1249 556 1323 Pasquillns.
593 1249 740 1324 Prophetis
762 1248 910 1306 Ezechielis
932 1249 1124 1320 mundiale
1146 1265 1210 1321 rege
1234 1249 1297 1322 Tyri
1321 1267 1375 1305 nou
1393 1250 1515 1305 tarint-tt.

126 1336 307 1409 rol'yriornm
330 1335 388 1408 regi
411 1336 536 1390 convenit
559 1353 638 1409 qrram
662 1344 756 1391 nostro
771 1334 910 1394 l‘ontidci.
934 1334 1067 1408 siquidem
1090 1343 1117 1389 et
1139 1333 1186 1389 ille
1208 1334 1259 1389 iam
1281 1333 1347 1390 dieit
1370 1335 1448 1390 ‘Deus

163 1430 224 1492 ‘rgo
248 1439 322 1482 suni,
345 1429 371 1474 et
396 1420 422 1474 in
445 1420 572 1476 cathedra
594 1420 636 1475 dei
660 1421 734 1482 sedi'.
757 1436 817 1476 eum
840 1420 878 1475 sit
900 1420 994 1493 utique
1017 1420 1099 1474 homo
1123 1427 1149 1473 et
1172 1436 1227 1474 nou
1248 1418 1330 1481 deus,
1354 1438 1448 1492 pecea-

163 1516 207 1561 tor
229 1515 256 1560 et
278 1523 333 1560 nou
355 1505 461 1560 Petrus.
506 1514 533 1559 et
556 1506 583 1560 in
606 1505 694 1560 medio
717 1505 835 1578 lapidum
858 1505 1008 1577 ignitorum
1037 1502 1197 1565 arnhulavit.
1225 1504 1312 1559 donee
1340 1506 1448 1560 inventa

160 1600 204 1646 est
227 1591 253 1645 in
274 1608 308 1644 eo
332 1590 470 1662 iniquitas.
515 1598 543 1645 et
565 1607 632 1662 ergo
655 1591 785 1663 produxit
810 1591 899 1663 ignem
922 1590 955 1645 de
984 1590 1053 1645 endo
1081 1588 1222 1650 dirimens,
1255 1590 1301 1661 apd
1324 1590 1447 1645 eorrredet

160 1693 237 1735 eum,
260 1684 287 1730 ot
309 1674 418 1730 dabitur
440 1676 467 1730 in
490 1676 607 1731 cinerem
630 1693 713 1748 super
736 1685 849 1737 terrain,
872 1684 900 1731 et
923 1692 1015 1731 omnes
1039 1673 1085 1747 qui
1108 1674 1224 1730 viderint
1246 1674 1336 1729 dicent
1359 1673 1447 1730 'Nihili

128 1761 261 1815 reduetus
284 1777 327 1821 es,
351 1769 377 1814 et
401 1776 455 1815 non
479 1760 532 1816 eris
556 1760 582 1815 in
605 1761 784 1833 perpetumn.'

226 1845 317 1900 [lixit
339 1844 516 1901 l'adiseus.
553 1844 628 1901 Sicut
650 1844 714 1900 olim
736 1846 759 1900 si
783 1846 844 1919 quis
866 1845 983 1902 iurasset
1004 1861 1054 1919 per
1076 1843 1222 1918 templum,
1244 1843 1311 1900 nihil
1333 1854 1401 1906 erat,
1423 1844 1446 1900 si
1458 1851 1528 1919 ιιι.Ι

161 1938 251 1985 autem
274 1930 392 1986 iurasset
415 1930 441 1985 in
465 1948 531 1986 auro
555 1929 660 2004 templi,
682 1930 790 1986 debitor
811 1931 945 2017 emetita
968 1937 1207 2004 quantumcunque
1230 1930 1291 2003 quis
1313 1930 1365 1985 iarn
1388 1948 1449 2004 pee-
1542 1988 1546 1999 ,

162 2024 219 2076 εει,
243 2024 382 2088 peceatum
405 2032 460 2071 nou
483 2024 539 2071 est:
563 2016 699 2077 sodomia,
724 2015 862 2078 veneticia,
885 2014 1042 2078 latrocinia,
1066 2024 1162 2087 stupra
1185 2014 1251 2069 nihil
1274 2024 1352 2078 sunt:
1375 2024 1401 2070 at
1424 2016 1447 2070 si

163 2102 224 2173 quis
247 2100 407 2174 romipetam
430 2101 593 2174 praepediat,
621 2117 655 2156 ne
677 2100 742 2156 illue
765 2101 894 2175 importet
916 2119 1028 2163 aurum.
1052 2108 1098 2155 aut
1120 2099 1261 2155 Pontificio
1283 2099 1376 2155 literas
1401 2099 1449 2154 lal-

127 2184 322 2246 memoraverit,
347 2203 402 2259 quo
425 2186 512 2241 minus
535 2184 575 2240 illi
598 2185 678 2241 liceat
699 2186 827 2259 praedari,
851 2187 952 2251 iurari,
975 2203 1029 2241 non
1053 2185 1155 2259 poterit
1170 2183 1216 2239 ille
1231 2183 1334 2241 absolvi
1350 2204 1364 2240 a
1381 2202 1449 2258 quo·

164 2288 245 2342 quam
274 2288 352 2342 apuam
381 2271 413 2326 ah
440 2270 558 2345 ipsomet
580 2271 720 2327 Pontiliee.
765 2273 914 2333 Ornores.
943 2289 959 2327 o
987 2271 1149 2327 caecitatem!
1180 2287 1196 2327 o
1224 2271 1288 2325 eaeei
1315 2279 1344 2325 ει
1365 2271 1448 2325 duers

165 2373 315 2415 (merirum.
344 2356 469 2427 quamdiu
498 2357 617 2429 patimur
647 2374 693 2412 ros
716 2363 857 2431 serpentes
879 2365 907 2412 et
929 2356 1049 2428 germina
1072 2356 1238 2428 viperarum!
1269 2363 1448 2410 oeraetores

165 2439 389 2502 ceremoniarios,
413 2459 429 2496 o
452 2440 608 2514 patrimonii
631 2441 730 2497 Christi
752 2442 944 2516 dissipatores.
968 2442 1014 2514 qui
1038 2441 1137 2497 mundo
1161 2441 1310 2495 servientes
1332 2439 1448 2513 gloriam

166 2542 258 2580 ranam
280 2525 360 2581 lmius
382 2525 474 2582 saeculi
497 2526 635 2582 dnnrtarat
657 2527 795 2600 spueritis!
826 2527 871 2582 'Ve
900 2525 977 2581 vohis
1006 2526 1052 2600 qui
1081 2525 1217 2581 mundatis
1246 2525 1318 2598 quod
1346 2525 1449 2592 «leteris

126 2620 215 2666 esest
238 2609 329 2666 caliois
351 2617 379 2667 et
401 2612 568 2685 paropsidis,
595 2613 670 2667 intus
702 2621 791 2668 autem
819 2611 896 2687 pleni
922 2611 989 2667 estis
1012 2611 1105 2685 rapina
1127 2618 1155 2666 et
1177 2611 1359 2673 imnundieia;
1386 2602 1471 2683 quia

164 2694 275 2751 ‘similes
298 2697 364 2751 estis
387 2695 538 2769 sepulchris
560 2695 704 2758 dealbatis.
729 2715 790 2771 qaae
812 2698 897 2753 aleris
920 2704 1052 2771 apparent
1072 2695 1229 2754 honrinihus
1251 2695 1387 2770 speciosa.
1411 2696 1451 2750 in·

164 2790 217 2836 ‘tus
239 2798 303 2836 vero
326 2780 404 2854 plena
428 2789 491 2837 sunt
514 2781 621 2838 ossibus
643 2792 813 2839 mortuorum
837 2790 864 2838 et
887 2782 959 2838 omui
982 2781 1122 2855 spurcitia.
1167 2781 1251 2836 aloris
1273 2781 1381 2854 quidem
1403 2798 1450 2854 ap·

164 2866 275 2939 ‘paretis
297 2865 454 2922 hominihus
478 2867 560 2928 iusti,
584 2867 657 2923 intus
680 2877 769 2924 autem
792 2867 864 2942 pleni
888 2868 954 2924 estis
977 2867 1117 2941 hypocrisi
1140 2874 1168 2922 et
1189 2866 1351 2940 iniquitate?

226 2951 320 3007 ltixit
341 2950 553 3025 Pasquillus.
592 2952 619 3009 Si
647 2951 708 3025 lege
736 2962 876 3014 ostreatur.
910 2961 941 3008 ut
970 2950 1086 3026 quilihet
1115 2952 1259 3008 consessor
1291 2951 1518 3009 attractionem.
1589 2941 1592 2948 ’

128 3035 252 3093 resolvat
279 3035 433 3098 confitenti,
462 3037 553 3093 statim
586 3039 706 3093 laturum
735 3038 800 3100 erit.
832 3045 862 3093 ut
891 3054 970 3094 neruo
1000 3036 1176 3098 confiteatur.
1204 3037 1267 3111 qnia
1295 3055 1374 3094 neum
1398 3038 1466 3093 erit.

165 3121 211 3193 qui
234 3121 324 3177 audiat
346 3121 562 3178 consessionem:
585 3131 697 3196 apparet
720 3123 804 3196 igitur
822 3130 852 3186 et
875 3122 1075 3179 contessionem
1091 3121 1193 3196 alioqui
1209 3123 1305 3178 honam
1322 3131 1349 3178 et
1364 3124 1450 3197 prohe

167 3206 315 3262 institutam
345 3207 367 3261 si
396 3213 469 3263 reete
499 3215 642 3268 tractetur,
673 3216 700 3263 et
727 3207 934 3281 predicationes
959 3214 988 3263 et
1017 3207 1267 3263 administrationes
1296 3207 1450 3281 aliquorum

166 3301 394 3348 saeranienrmum
409 3309 464 3348 non
481 3293 532 3348 nisi
548 3300 662 3366 propter
685 3300 821 3365 quaestum
843 3292 894 3347 ianr
918 3291 994 3354 fieri,
1017 3292 1170 3366 praesertim
1195 3311 1209 3348 a
1231 3293 1369 3365 girovagis
1392 3311 1450 3348 mo·

168 3375 261 3430 naelris
283 3375 386 3432 onlinis
407 3376 633 3439 Praedicatorum,
658 3378 721 3450 quia
744 3376 766 3431 si
789 3394 884 3432 easeos
906 3387 933 3432 et
957 3386 1092 3451 quaestum
1114 3393 1168 3432 non
1191 3385 1379 3449 expectarent,
1402 3380 1451 3432 rui·

131 3459 239 3516 mninre
260 3460 451 3534 praedicarenm
479 3479 529 3518 nee
556 3461 656 3517 arrimas
686 3471 825 3535 (praeerunt,
856 3461 902 3517 sed
932 3461 1051 3523 loculos.
1080 3471 1108 3518 et
1131 3462 1265 3518 interdum
1287 3463 1368 3519 etiam
1391 3461 1451 3535 pul·

166 3545 244 3601 chras
259 3545 397 3602 mulieres.
440 3547 570 3603 Ilorrrmh
590 3547 674 3602 hostat
690 3549 735 3602 eia
751 3547 851 3602 erhere
865 3546 1009 3618 assentiet,
1034 3548 1091 3602 arad
1105 3547 1163 3601 wilt
1176 3547 1270 3602 hohen
1287 3549 1352 3603 dein
1367 3545 1451 3616 doust

165 3632 237 3694 rein,
258 3646 291 3686 so
305 3647 357 3703 pse
378 3633 431 3686 der
447 3631 565 3704 pfaffea
588 3634 645 3687 arrad
664 3633 717 3687 der
737 3623 963 3687 loadtstres'rlrer'
976 3634 1104 3703 myessip.

229 3716 319 3771 ltirit
341 3714 519 3773 Vadisens.
556 3717 686 3773 llartimrs
715 3717 864 3782 Lutlrerus,
893 3718 934 3772 vir
960 3717 1114 3791 piissimus.
1147 3716 1222 3772 misit
1248 3716 1344 3773 Ialeem
1372 3727 1519 3780 suamtat.

167 3800 193 3855 in
215 3818 330 3856 messem
353 3802 491 3875 pontilicis
513 3803 638 3865 Rornani.
668 3810 696 3859 et
725 3802 873 3859 alernessuit
901 3801 952 3858 sihi
980 3801 1114 3857 umidinas
1137 3800 1197 3857 illas
1220 3801 1450 3875 indulgentiarum

130 3893 195 3943 anet
217 3884 292 3941 lurra
317 3887 404 3941 onmis
428 3887 583 3961 impietatis,
607 3898 635 3945 et
657 3889 717 3944 ideo
740 3888 885 3943 haereticus
913 3896 972 3951 est;
1001 3887 1073 3961 quod
1096 3887 1119 3940 si
1143 3886 1266 3943 haeresim
1289 3889 1453 3944 astruxisset

156 3970 199 4024 de
222 3971 348 4026 sectanda
370 3971 495 4034 avaritia,
517 3974 550 4029 de
573 3972 646 4030 licita
669 3973 844 4047 possessione
865 3971 1014 4028 mrdtorum
1037 3971 1230 4028 beneficiorum
1252 3982 1280 4029 et
1302 3974 1451 4031 eorundem

167 4055 363 4127 expiscatioue.
387 4056 419 4113 de
442 4058 601 4115 alteratione
616 4058 769 4120 l'orrtilrcis,
792 4057 889 4114 luisset
911 4058 1030 4114 donatus
1052 4056 1209 4131 quingentis
1232 4058 1322 4116 aureis
1345 4067 1373 4113 et
1396 4077 1451 4115 uno

168 4140 262 4213 pingui
285 4140 429 4204 beneficio,
452 4143 524 4199 sieut
545 4143 648 4201 Esaias.

625 4248 644 4276 ι

235 4423 245 4455 ⁸
264 4426 328 4474 lsai.
343 4427 390 4475 lx.
407 4426 445 4476 lt.
504 4426 514 4459 ⁷
533 4423 663 4492 vestales]
682 4443 801 4492 nonnas,
821 4426 964 4479 moniales.
1035 4427 1056 4461 ¹⁰
1073 4425 1151 4494 dicit]
1169 4428 1273 4479 Eaeeh.
1286 4429 1412 4480 XXVIII.
1426 4431 1451 4480 2.

171 4507 620 4561 ¹²cer-:zocnxxvtttltro.
675 4512 827 4577 lepidorum
846 4517 869 4562 1.
923 4510 1188 4565 dementem.
1247 4513 1450 4579 ¹⁶Cf.Eveng.

168 4595 507 4645 sa=c.ttatttr.xxltt.1tt.
577 4594 599 4627 ²²
618 4598 759 4658 geniurinn
776 4597 875 4648 eratali.
890 4598 991 4648 xxm.
1004 4597 1046 4648 ³3.
1059 4598 1128 4647 Luc.
1142 4599 1193 4648 lIl.
1206 4600 1230 4648 7.
1299 4596 1321 4632 ²⁴
1344 4600 1450 4665 Evang.

168 4679 567 4730 eremmon.xxl11.·2a...·.>rt.
654 4679 896 4747 ²³1rrarnpsidis1.
976 4681 999 4715 ⁸*
1020 4681 1251 4750 ΙεηὰιειτὶεΙι-Ιίεῐ
1268 4687 1293 4735 1.
1361 4683 1383 4716 ¹⁰
1406 4684 1451 4736 Cf.

167 4763 254 4813 Marc.
268 4763 315 4813 1v.
329 4763 371 4814 'ltt
423 4762 444 4796 ⁴³
463 4764 506 4815 CI.
519 4781 546 4831 p.
560 4763 618 4815 583.
632 4779 658 4817 r.
670 4763 711 4815 35
