3276 5414
327 372 377 423 AD
395 371 442 423 vt.
514 384 597 421 raras
616 384 737 421 ιοιιιιιι.
771 384 819 426 err
839 383 923 418 arnan
942 382 1062 418 viniaco
1082 380 1281 419 arreeurrrrva.
1381 348 1456 423 263

160 546 220 602 Tria
244 562 381 619 nuuqtmm
404 545 469 600 satis
493 545 654 618 proveniunt
677 543 784 599 llomm:
808 542 1000 615 episcoporum
1024 540 1119 614 pallia.
1147 558 1254 596 meuses
1278 538 1404 615 populea.
1429 546 1457 597 et

243 639 357 687 annoto.
381 624 444 706 [39]

160 715 257 772 Tribus
280 732 350 788 opus
372 716 461 770 eetei
484 714 530 788 qui
554 714 646 769 llomm
669 712 730 768 lites
754 711 849 767 lralret:
878 711 1007 784 pecunia,
1039 709 1127 766 literis
1155 709 1398 772 commendatitiis,
1429 720 1457 768 et

246 800 394 857 mendacio.
419 793 464 875 [ὁ]

135 884 224 941 ιΤιιι
247 902 327 940 omne
348 885 490 958 negotium
505 882 597 939 Romae
621 890 795 955 promovent:
819 897 944 942 munera,
969 880 1057 940 lavor,
1080 889 1108 936 et
1131 881 1263 953 protentio.
1308 879 1356 935 ced
1379 880 1457 937 lavor

245 968 406 1027 conciliatur
427 976 456 1024 et
479 969 535 1042 ipse
558 968 662 1024 claudo:
685 968 728 1024 cui
753 967 813 1041 quir
838 965 972 1021 inutiliter
994 965 1066 1020 enim
1090 965 1180 1021 llomm
1205 966 1294 1022 taret?
1318 958 1380 1041 [31]
1435 996 1439 1011 ι

161 1054 222 1110 Τιιι
246 1054 337 1110 Romae
360 1054 491 1110 evehunt:
514 1053 642 1126 pecunia,
666 1052 788 1111 audacia.
812 1058 840 1106 et
863 1050 1036 1124 irupudentia.
1063 1044 1135 1126 [46]

161 1138 222 1193 Tria
246 1139 356 1195 llomam
380 1140 419 1193 ire
442 1138 570 1193 sument:
594 1136 748 1197 admiratio.
772 1136 891 1191 lucrum.
915 1142 943 1190 et
965 1134 1033 1190 nralo
1056 1135 1158 1190 virernli
1182 1132 1299 1191 licentia.
1324 1129 1370 1211 [9]
1470 1146 1526 1209 (ιιι,

163 1223 224 1277 Tria
248 1224 418 1278 Germaniam
441 1223 569 1278 hactenus
592 1239 687 1296 sapere
706 1238 759 1276 nou
777 1223 976 1294 permiserunt:
1000 1219 1152 1293 principum
1171 1220 1291 1292 ignaria,
1315 1219 1458 1277 literarum

129 1319 153 1360 ιι
249 1308 397 1381 imperitia.
421 1316 448 1363 et
472 1306 545 1380 vulgi
567 1306 737 1380 superstitio.

161 1391 271 1465 Triplex
293 1393 431 1449 inventum
452 1392 544 1449 aomo
566 1390 710 1448 eonsilium
733 1391 912 1465 extorquendi
935 1389 968 1445 ali
991 1389 1092 1444 exteris
1115 1406 1226 1445 aumm:
1251 1406 1300 1464 per
1315 1390 1459 1463 indulgen·

250 1477 349 1532 tiaram
371 1477 516 1538 nundinas,
541 1492 590 1550 per
612 1475 751 1531 simulatas
775 1476 801 1530 in
818 1475 930 1531 'furcam
953 1473 1156 1548 expeditiones,
1179 1484 1207 1531 ct
1222 1491 1368 1532 concessas
1383 1475 1459 1549 lega·

249 1561 284 1617 tia
306 1561 378 1635 apud
400 1560 530 1617 barbaros
553 1560 704 1617 facultates.
730 1553 792 1635 [51]

161 1645 224 1701 Tria
247 1663 356 1720 semper
376 1646 614 1719 agunturllomte‚
638 1662 726 1718 neque
749 1661 866 1717 ιιιφιιιι
889 1651 1073 1718 peraguntur:
1097 1644 1247 1701 animarum
1270 1643 1374 1705 beatio,
1402 1644 1460 1701 eoi·

129 1744 152 1783 ιι
249 1730 385 1804 lapsarum
407 1731 505 1786 aedium
527 1746 665 1787 sacrarum
686 1729 866 1795 restauratio,
900 1737 928 1784 et
951 1730 977 1784 in
1001 1729 1103 1785 l'urcas
1124 1728 1271 1803 expeditio.
1315 1729 1373 1785 litor
1395 1738 1459 1785 sunt

249 1816 300 1870 tria
323 1813 369 1870 illa
392 1833 508 1889 quornm
532 1814 582 1870 sub
603 1821 740 1888 protextu
763 1814 832 1869 lium
854 1814 1016 1869 exactiones.

161 1899 224 1955 Tria
247 1917 341 1956 omnes
363 1908 460 1974 petunt
483 1900 589 1956 Romae:
612 1898 693 1955 breve
715 1898 889 1960 sacrificium,
913 1906 990 1954 retus
1013 1916 1123 1958 numm.
1151 1906 1178 1954 ot
1201 1899 1282 1955 vitam
1306 1900 1332 1954 in
1355 1898 1458 1955 delitiis

247 1985 387 2057 agemlam.
411 1978 474 2062 [25]

160 2069 225 2125 Tria
253 2069 330 2126 obvia
359 2077 424 2125 suut
450 2068 575 2124 omnilms
603 2076 631 2124 et
658 2068 759 2142 uirique
789 2068 930 2124 videntur:
965 2068 1113 2142 cqatitatio.
1144 2067 1291 2131 rationarii,
1326 2076 1354 2123 et
1377 2067 1458 2125 irene·
1472 2071 1527 2127 (aar

126 2171 153 2210 te
247 2154 389 2210 dictiones.
413 2148 462 2230 [cs.
487 2146 543 2229 to]

162 2238 225 2294 Tria
248 2239 341 2295 llomae
364 2239 507 2294 admodum
530 2238 603 2294 laute
626 2237 793 2293 vestiuntur:
817 2238 987 2299 sacerdotes,
1011 2237 1092 2298 muli,
1116 2247 1144 2293 et
1167 2240 1334 2295 meretriceo.
1357 2232 1423 2314 [ta]

162 2322 225 2378 Tria
248 2323 333 2379 Roma
354 2323 492 2397 exportari
515 2322 712 2397 prolrilrcntur:
742 2330 899 2379 sanctorum
922 2321 1044 2396 reliquiae
1074 2322 1147 2396 (epau
1170 2340 1204 2379 an
1227 2323 1263 2379 im
1287 2323 1342 2379 sirit
1365 2321 1461 2396 qualea

250 2409 446 2468 ostenduntur,
481 2416 596 2481 propter
624 2407 776 2479 ambiguam
804 2406 874 2481 apud
903 2424 996 2463 onmes
1026 2408 1059 2462 dc
1083 2409 1200 2464 llomaua
1229 2409 1280 2463 lide
1303 2407 1461 2481 opinionem

250 2493 384 2548 incertum
406 2500 473 2567 eet),
497 2493 613 2565 grattdes
635 2491 753 2565 lapides.
776 2501 805 2546 ot
828 2492 971 2564 prietatem.
1004 2509 1065 2565 epure
1088 2493 1197 2566 ponitur
1221 2492 1256 2547 ilri
1280 2491 1362 2547 nulla.
1395 2486 1459 2569 []

117 2593 153 2633 ἰι
165 2576 227 2632 Tria
251 2577 342 2633 llomm
364 2578 519 2651 paucissimi
542 2577 673 2632 credunt:
705 2576 854 2632 animarum
877 2575 1123 2637 irnnmrtalitatem.
1152 2578 1370 2633 communionem
1399 2594 1460 2633 san·

249 2670 370 2723 ctormu,
394 2670 422 2717 et
444 2663 594 2717 inferorum
615 2678 719 2736 ponas.
744 2654 808 2738 [38]

164 2746 227 2801 l'ria
258 2747 350 2802 Romae
378 2763 439 2802 cum
469 2746 579 2802 minime
607 2746 678 2806 rint,
713 2753 802 2800 tameo
831 2753 860 2800 ut
888 2763 1021 2819 nunquam
1045 2744 1108 2800 alilri
1138 2754 1327 2802 ‹retentantnrz
1362 2746 1457 2820 pietas,

250 2830 316 2886 litles
342 2840 370 2886 et
393 2830 555 2887 innocentia.

164 2915 226 2970 Tria
251 2915 343 2971 donate
364 2932 426 2971 cum
448 2916 505 2971 siut
526 2915 654 2977 maxime,
682 2915 808 2970 ridentur
836 2924 925 2970 tamen
952 2932 1082 2989 perraro:
1111 2923 1188 2971 retus
1216 2933 1312 2972 aurum
1340 2914 1459 2985 (alratru
1472 2924 1527 2986 (tlt).

130 3016 158 3056 ιι
252 3000 327 3056 ditur
348 3000 400 3056 lroc
422 3017 436 3054 a
458 3000 604 3056 cortisanis
626 3008 655 3055 et
676 2999 912 3069 lmrrcrattrrilrusl,
944 3000 1066 3074 perditor
1094 2999 1168 3071 (raro
1191 3003 1228 3061 is,
1258 3010 1288 3056 ut
1316 3000 1461 3073 atrgnetior

254 3085 290 3139 sit
312 3086 371 3140 eius
393 3084 464 3158 apud
487 3084 596 3156 vulgum
618 3093 796 3157 conspectus,
821 3084 912 3158 prodit
936 3084 961 3139 in
985 3084 1149 3158 pullicum),
1173 3093 1200 3140 ot
1224 3093 1344 3141 reuurtac
1367 3084 1461 3141 mulie·

251 3186 295 3224 res
318 3168 427 3243 (quilius
450 3177 565 3242 propter
587 3167 749 3241 zelotypiam
772 3176 799 3223 et
822 3168 1019 3225 adulteriorum
1043 3169 1078 3224 ilri
1102 3169 1237 3227 licentiam
1261 3177 1386 3227 metuunt
1415 3169 1460 3244 qui

252 3253 367 3314 iubent.
390 3262 473 3327 atque
496 3253 581 3326 igitur
601 3253 753 3308 custoditas
775 3253 940 3327 olrserrantl.
976 3248 1038 3330 [ιιι]

166 3337 229 3391 Tria
251 3338 375 3394 homines
397 3337 556 3394 «recolantur
577 3338 683 3393 urimo:
707 3354 815 3401 manus,
839 3337 949 3398 altaria,
972 3346 999 3393 et
1023 3337 1128 3395 linetae.
1163 3334 1226 3416 [ιιι]

130 3420 230 3476 aalma
253 3423 437 3479 misericordia
460 3430 526 3477 runt
546 3422 653 3478 llomae:
687 3423 929 3483 monasteriorum,
958 3423 1035 3497 siqua
1059 3431 1121 3480 sunt
1145 3424 1334 3499 opulentiora,
1363 3440 1462 3480 mustra

251 3506 317 3562 dare
339 3508 366 3562 in
395 3506 594 3567 commendam,
629 3515 658 3562 ut
690 3515 799 3569 vocant,
832 3506 1033 3570 Cardiualilrus;
1065 3510 1258 3565 eanrrmcornm
1289 3508 1403 3581 vectigal
1435 3516 1461 3562 et

253 3591 362 3664 pinguia
385 3590 486 3665 uirique
508 3590 659 3647 raoenlotia
683 3591 825 3648 obvertere
853 3591 993 3648 collationi
1023 3594 1185 3666 pontificia:
1213 3603 1239 3648 et
1268 3589 1463 3649 inaestimabili·

252 3675 303 3730 lms
326 3675 568 3749 superstitionilmr
589 3694 621 3732 ac
648 3677 734 3748 magis
763 3676 843 3750 plane
871 3677 1024 3733 terroribus
1050 3687 1158 3735 coactas
1187 3679 1218 3732 ad
1245 3676 1462 3750 despmatiouem

255 3759 374 3816 salelium
395 3768 500 3816 mentes
522 3761 754 3816 concinnationum
776 3769 804 3815 et
826 3761 963 3817 veniarum
987 3764 1110 3818 refovere
1132 3763 1337 3818 irnolieamcnto.
1371 3760 1463 3813 Arari·

132 3856 160 3895 to
257 3846 321 3899 tiam
343 3845 422 3901 rideo
443 3852 472 3901 et
494 3845 615 3900 [ramlera
638 3844 842 3918 inexplebilem,
866 3845 970 3901 nullutn
993 3865 1063 3920 opus
1085 3846 1287 3903 misericordiae.
1320 3844 1388 3910 ttuid
1403 3843 1462 3898 dio·

257 3932 313 3985 tius
336 3930 462 3986 lancinari
485 3931 602 3985 murales
624 3930 763 3985 sustinet?
785 3947 820 3985 an
842 3932 906 4003 quid
929 3932 957 3986 iu
979 3949 1054 3986 mora
1078 3942 1120 3987 cst
1143 3948 1198 4004 quo
1214 3931 1303 3985 mium
1317 3927 1463 3983 confertim

253 4021 357 4070 evertat
379 4032 428 4069 eor
450 4016 497 4089 qui
520 4023 678 4087 pcn'ertnnt
701 4015 809 4070 omnia?
843 4015 962 4088 llcriitpm
984 4017 1093 4071 uriseria
1115 4033 1191 4089 «pute,
1220 4029 1380 4087 persuasum
1402 4028 1463 4066 reate

253 4116 308 4154 non
337 4099 420 4155 licere
447 4098 604 4154 andoeno
632 4100 701 4159 lroc,
737 4108 768 4154 ιι
796 4098 894 4155 melius
925 4101 961 4154 sit
988 4100 1098 4172 corpmi
1126 4100 1268 4157 universo.
1304 4095 1463 4151 rulrrriorerc

251 4186 352 4258 eaput?
386 4178 449 4260 [⁶]

133 4269 234 4324 oreta
257 4277 322 4325 sunt
345 4270 435 4325 llonne
458 4287 484 4324 m
506 4277 665 4343 comporto:
698 4269 880 4324 ltoruanornm
904 4269 1004 4322 vtetur.
1034 4266 1162 4321 italorum
1186 4264 1319 4322 verentia.
1349 4271 1376 4317 et
1399 4264 1465 4317 tier-

257 4371 402 4411 manorum
426 4356 530 4409 laonia.
565 4348 628 4429 [ιδ]

171 4438 234 4494 Tria
259 4450 322 4495 sunt
345 4441 465 4512 praviter
487 4440 610 4494 lerernla:
639 4439 710 4511 <potul
741 4454 857 4511 murrina
888 4436 970 4490 tactio
993 4434 1213 4488 florentinorum
1242 4434 1268 4489 m
1293 4432 1359 4487 urire
1381 4432 1467 4487 domi·

258 4533 353 4580 netur.
377 4525 451 4596 qun
473 4542 524 4598 pro
538 4525 592 4578 lieo
614 4523 766 4578 laalaeudum
783 4521 939 4576 l'ontilicem
962 4518 1151 4571 adsentatores
1173 4518 1215 4571 rui
1231 4526 1357 4573 ιιιιιιιιειιι.
1381 4516 1466 4589 ‹poed-

259 4628 312 4683 qoc
334 4610 446 4664 nimium
469 4609 582 4665 lie-enter
604 4617 718 4681 usurpat
741 4605 787 4660 dle
811 4606 860 4659 oli
885 4602 1021 4658 tenorum
1044 4600 1203 4657 laenelicrum
1231 4610 1258 4657 et
1286 4601 1466 4657 anathematae

136 4703 164 4744 aa
259 4711 375 4768 pernam.
411 4688 472 4770 [adj
