3276 5414
293 402 355 454 Xll.
427 390 609 468 eguimus*
642 415 781 450 ornnoors
806 414 978 448 errrusrcvs
1005 399 1180 460 (rosrrrrrs).
1307 382 1377 451 411

93 573 244 651 synesius
266 571 417 648 scripserit
439 570 607 639 historiam,
636 570 791 648 minusque
813 567 965 649 effectibus
986 567 1130 628 trihuerit.
1176 568 1263 628 etiam
1285 573 1384 628 autem

28 750 31 755 ἢ
93 675 280 733 Germaniam
303 673 429 740 viderat,
464 679 494 733 et
515 673 609 750 gentis
632 673 695 732 eius
717 691 814 731 mores
836 671 1005 749 descripsit,
1040 688 1074 730 ae
1102 687 1202 729 rerum
1226 668 1265 730 ihi
1288 675 1381 746 gesta·

91 795 159 836 rum
182 777 235 835 luit
257 793 399 855 perquam
421 775 578 834 studiosus.

155 897 315 967 uenimus.
352 876 444 953 lgitur
467 875 531 936 talis
554 877 607 936 iste
630 894 697 935 rum
721 875 833 983 luerit⁸
853 884 882 935 et
909 893 1009 935 rerum
1031 892 1169 945 ,mearum
1199 870 1276 933 haud
1300 876 1382 951 igue·
1398 882 1442 933 tt.

70 994 82 1030 a
93 997 144 1038 rus
166 981 209 1038 sic
231 980 267 1039 de
290 997 336 1039 me
359 979 501 1054 scripturn
524 977 690 1056 reliquerit,
719 985 751 1038 ut
772 986 884 1037 taceam
907 977 1046 1054 deinceps
1074 994 1145 1053 ego,
1174 973 1301 1035 dubitari
1323 992 1381 1034 non

93 1089 187 1158 potest
217 1083 287 1158 quin
318 1081 435 1140 eruanimi
463 1098 527 1139 esse
554 1082 696 1140 morireuti
725 1081 787 1139 iure.
816 1056 928 1140 debeat
950 1078 1007 1137 hoc
1037 1077 1074 1137 ah
1099 1078 1181 1138 ltoste
1205 1071 1382 1154 perhibitum

93 1183 163 1243 mihi
187 1184 394 1243 testimouium.
440 1183 587 1259 Principio
611 1182 808 1243 ‘liberatorem
832 1179 1005 1241 (lormauiee'
1034 1188 1133 1248 vocat,
1164 1179 1242 1258 qrrod
1266 1186 1311 1239 est
1333 1177 1383 1238 ali-

93 1284 163 1362 quid
186 1285 276 1344 credo
300 1287 443 1362 eripuisse
467 1285 492 1342 ri
515 1301 549 1343 ac
571 1285 661 1344 armis
684 1285 863 1363 provinciam
887 1282 1026 1342 Rorrrauis
1048 1266 1081 1342 ut
1102 1290 1174 1342 tuno
1196 1283 1332 1349 luerunt,
1355 1287 1384 1340 et

92 1385 195 1445 iisdem
226 1387 319 1445 invitis
346 1405 521 1465 summoque
550 1394 653 1446 contra
680 1388 745 1446 nisu
775 1384 950 1444 conantihus
976 1384 1138 1444 vindicasse
1167 1385 1196 1443 iu
1219 1383 1381 1443 libertatem

60 1500 169 1567 ttquos
184 1490 296 1548 servire
310 1486 349 1548 illi
372 1488 573 1550 decreverant.
621 1487 739 1555 Deinde,
762 1487 841 1564 qrrod
864 1494 944 1546 recte
960 1487 1077 1545 inanimi
1094 1487 1139 1554 lit,
1163 1485 1232 1545 illud
1250 1503 1297 1544 me
1320 1485 1450 1547 ‘im-en.

93 1590 216 1667 perinm'
246 1609 303 1649 non
333 1609 400 1650 oum
429 1590 612 1651 adolesceret
637 1598 697 1649 tum
727 1596 756 1649 et
784 1590 997 1648 incrementum
1025 1589 1187 1664 acciperet,
1223 1589 1308 1648 ‘sicut
1335 1584 1383 1647 alii

93 1710 179 1768 reges
201 1693 369 1769 (terresque,
404 1692 545 1770 Pyrrhus,
569 1699 705 1760 arduum,
738 1691 899 1751 Antiochus
922 1698 951 1750 et
973 1693 1026 1750 iste
1048 1688 1208 1757 Hanuihal,
1241 1689 1293 1749 sed
1316 1705 1382 1748 cum

94 1794 273 1853 consistebat
293 1795 350 1853 iem
374 1802 402 1853 et
424 1796 549 1854 niaxime
571 1794 709 1861 llorchat,
740 1811 798 1852 uon
828 1791 938 1853 hellum
967 1792 1097 1865 inlerens
1118 1792 1306 1859 sustinuisse,
1335 1810 1384 1850 re·

94 1913 160 1954 rrrm
184 1894 262 1954 ultro
285 1894 455 1955 lacessendo
478 1895 567 1956 armis
590 1899 762 1974 impetiisse,
797 1913 946 1972 unumque
975 1913 1009 1952 ex
1033 1893 1171 1953 omnihus
1193 1894 1298 1952 inuicte
1320 1890 1381 1952 hel·

61 1996 155 2056 nlnm
178 2008 281 2057 eorura
302 1997 451 2057 llnmanos
474 2000 649 2076 transegisse
671 1999 749 2058 dicit.
794 2015 886 2073 «guare
914 1998 999 2056 etiam
1028 1995 1230 2070 dignissimum
1259 1993 1452 2059 arbitra-tu,

93 2106 141 2158 tur
164 2119 251 2177 qrrenr
267 2099 439 2184 Graecorum
455 2102 565 2178 pariter
580 2108 608 2159 et
622 2100 792 2160 Latinorum
808 2097 927 2158 auriales
943 2097 1101 2158 celebrent.
1125 2095 1235 2169 Quodsi
1251 2096 1382 2156 omnium

94 2219 240 2261 consensu
262 2201 342 2261 nulla
366 2203 419 2261 luit
442 2219 571 2278 utiquam
594 2203 686 2261 maior
709 2219 795 2280 quam
811 2201 1011 2261 Romanorum
1029 2205 1171 2276 potestas,
1195 2197 1307 2258 nullum
1323 2183 1385 2257 aur·¹

94 2301 169 2381 plius
191 2323 207 2363 a
231 2304 348 2363 condite
371 2322 432 2362 aero
455 2305 625 2380 imperinm,
650 2310 678 2362 et
700 2303 754 2362 hos
777 2320 831 2378 ego
855 2303 909 2362 rici
931 2320 999 2361 cum
1023 2303 1050 2361 iu
1073 2300 1147 2361 ssore
1169 2309 1268 2361 esseut
1288 2319 1323 2360 ac
1344 2301 1384 2359 ri·

27 2413 33 2421 '
94 2414 197 2481 gerent
220 2404 394 2483 plurimum,
420 2407 580 2466 rectissime
602 2422 749 2465 summum
773 2405 984 2481 Imperatorem
1007 2411 1037 2464 et
1058 2405 1087 2463 in
1110 2421 1144 2464 re
1166 2401 1269 2464 heilica
1291 2403 1384 2463 omui-

58 2506 150 2566 trhus
178 2514 365 2584 prestantem
394 2527 441 2568 me
471 2507 656 2568 iudicandum
685 2506 829 2574 arbitror,
864 2507 1005 2566 infinitam
1033 2507 1208 2584 potentiam,
1243 2505 1384 2564 mammes

94 2610 184 2677 vires,
208 2627 356 2669 summum
379 2612 534 2687 imperium
557 2611 606 2688 qui
635 2607 712 2669 hello
739 2610 954 2686 superaverim:
990 2611 1044 2668 etsi
1072 2609 1169 2667 minus
1196 2606 1268 2667 nihil
1299 2605 1383 2666 velim
1394 2626 1412 2677 ς,
1423 2628 1452 2671 rr.

39 2756 44 2763 .
94 2729 182 2788 ‹puam
205 2709 330 2771 alienam
353 2711 529 2772 defraudare
549 2710 672 2786 gloriam
695 2719 869 2771 antrorum
891 2711 928 2771 ah
950 2712 1012 2771 istis
1028 2718 1176 2788 gestarum
1193 2711 1300 2770 lamam
1315 2727 1383 2787 pre-
1441 2713 1446 2722 '

93 2831 184 2873 mere.
230 2831 297 2872 nam
320 2815 486 2891 equissimo
508 2831 625 2890 sempor
647 2814 745 2873 animo
768 2814 877 2885 leram,
901 2821 1029 2891 quantus
1050 2813 1174 2891 quisque
1197 2819 1249 2880 est,
1272 2818 1384 2871 tantum

94 2914 196 2975 haheri
219 2915 255 2973 ah
279 2914 429 2983 omnihus,
464 2915 501 2974 de
523 2934 628 2994 meque
650 2933 718 2975 cum
741 2916 852 2981 dicam,
886 2916 949 2974 sine
972 2916 1077 2975 invidia
1105 2914 1216 2974 dicam:
1250 2914 1305 2973 luit
1326 2913 1383 2973 hoc

59 3031 212 3093 essemper
234 3017 363 3076 studium
386 3014 458 3075 mihi
480 3026 601 3096 propter
622 3036 654 3077 se
683 3019 818 3078 virtutem
848 3016 960 3084 colere;
994 3018 1036 3103 (Ιθν
1059 3015 1152 3092 gloria
1179 3016 1279 3076 curavi
1306 3014 1382 3075 haud

96 3115 248 3185 multum,
267 3120 376 3195 qnippe
398 3120 467 3176 satis
490 3138 554 3180 esse
576 3122 784 3180 conscientiam
807 3120 876 3179 laeti
897 3119 1073 3187 existimari3
1105 3137 1202 3196 rrerpre
1225 3136 1304 3177 nrrue
1326 3119 1381 3177 iam
1395 3139 1454 3188 sto.

95 3238 129 3277 ea
151 3226 195 3279 est
217 3221 383 3295 arrogantia
407 3227 439 3279 nt
466 3238 527 3297 pree
555 3240 603 3281 me
630 3220 702 3281 alios
730 3221 820 3281 ducos
848 3228 1050 3288 contemnam,
1084 3239 1139 3280 uec
1166 3219 1237 3281 illud
1266 3218 1384 3297 quoidam

96 3321 166 3380 urilii
188 3340 272 3380 sunto
296 3329 328 3380 ut
351 3340 414 3380 esse
438 3321 550 3382 rrrrllnm
573 3341 621 3382 me
643 3324 827 3399 superiorem
850 3323 1029 3382 contendere
1044 3321 1145 3382 velim:
1169 3324 1265 3400 pohus
1280 3323 1304 3380 si
1320 3321 1386 3398 quis

96 3430 154 3487 est,
178 3440 294 3500 equiem
317 3440 423 3482 ocrrsm
447 3431 477 3482 ut
499 3424 589 3501 ipsius
611 3443 729 3503 qtrmpue
752 3423 895 3485 hahentur
917 3425 964 3484 hic
986 3425 1078 3484 rotie:
1101 3423 1153 3483 sed
1177 3424 1283 3501 diguus
1303 3423 1385 3483 rouia

61 3537 163 3582 ³⁰srrm
186 3524 210 3582 si
233 3541 336 3583 eorum
356 3526 407 3602 epu
430 3524 466 3583 de
490 3525 543 3584 hac
565 3525 652 3586 laude
674 3533 862 3586 certaverunt
883 3526 993 3593 adhuc,
1028 3544 1061 3584 ex
1092 3526 1269 3584 corrsoientio
1297 3540 1384 3601 noga·

96 3644 165 3684 reru
188 3624 239 3684 ulli
261 3644 278 3684 a
301 3643 347 3685 me
371 3626 492 3686 eorreedi
514 3635 661 3705 oportere.
707 3628 795 3706 idque
827 3627 905 3687 lruud
934 3635 1045 3686 temere
1073 3627 1183 3686 sentire
1210 3644 1260 3686 me
1287 3633 1384 3686 osten·

95 3727 176 3794 darer,
200 3728 225 3785 si
246 3727 364 3787 arrdient
388 3728 449 3793 isti,
473 3735 504 3787 ut
526 3729 678 3788 audituros
700 3729 891 3806 pollicentur,
914 3729 990 3788 hona
1014 3727 1143 3789 arhitror
1164 3729 1288 3788 ratione.

157 3849 262 3888 uiuos.
300 3828 440 3895 Audierit,
464 3847 518 3905 pro
540 3831 609 3907 ipsis
631 3832 773 3907 spondeo.

159 3951 319 3991 sensurus.
357 3931 488 3990 l'rimum
517 3932 605 4005 igitur
632 3933 700 4009 quia
736 3931 894 4010 plurimum
930 3932 1030 3993 lerunt
1062 3935 1091 3993 in
1120 3933 1178 3992 hoc
1203 3949 1315 4010 ponere
1344 3939 1453 4004 luere.

59 4030 255 4100 &floriniheh
285 4033 363 4108 quod
392 4051 408 4090 u
437 4033 533 4108 pramis
560 4033 647 4092 initiis
675 4034 709 4093 ed
733 4032 910 4111 amplissima
935 4036 1114 4096 incrementa
1138 4052 1315 4114 progressos
1336 4034 1384 4102 sis,
1409 4112 1412 4116 .

95 4133 225 4200 doceho,
249 4135 273 4191 si
296 4134 359 4192 haec
381 4132 472 4208 glorie
501 4135 552 4203 sit,
586 4144 695 4211 ‹puarrto
724 4135 868 4196 debeatur
895 4136 967 4196 mihi
998 4139 1108 4197 rectius
1136 4155 1223 4215 eruam
1253 4144 1304 4196 aut
1333 4135 1384 4196 tihi

94 4242 144 4294 aut
167 4234 231 4294 ulli:
266 4253 333 4294 uam
356 4254 459 4295 eorum
483 4236 533 4313 qui
556 4253 604 4294 res
627 4236 975 4314 p1·eetaresgesser=unt,
1010 4259 1098 4299 neum
1125 4238 1287 4299 rnaiorihus
1309 4239 1384 4298 dilli-

94 4335 251 4396 cultatihus
274 4337 373 4395 enisus
396 4343 445 4395 aut
467 4337 652 4413 gravioribus
673 4340 750 4398 cirea
774 4340 989 4417 impedimentis
1012 4341 1155 4401 eluctatus
1176 4348 1229 4402 est.
1268 4341 1315 4414 cpi
1330 4358 1383 4418 po·

95 4440 182 4496 tentia
212 4437 329 4513 epndem
359 4457 424 4498 esse
452 4457 516 4516 spru
546 4425 757 4517 potuit'r'ehus
784 4443 826 4502 sic
849 4442 970 4519 perditis
992 4451 1021 4502 et
1042 4442 1219 4520 deploratis?
1252 4441 1383 4502 autlrori·

59 4548 138 4596 retas
162 4557 230 4597 reru
255 4547 286 4598 ut
308 4547 398 4607 esset,
432 4540 491 4618 ipse
515 4560 574 4600 rrou
597 4540 711 4601 sinebat
732 4523 821 4602 etas?
846 4562 937 4621 urrare
960 4543 1040 4603 solus
1063 4563 1120 4602 urm
1145 4545 1198 4605 luit
1221 4544 1386 4605 Alexander

160 4723 182 4754 ²⁸
202 4725 285 4774 lectis
303 4726 361 4773 edd.
