3276 5414
205 359 276 429 342
376 370 467 421 vnn.
538 324 794 419 uourroal’nnrrn.
866 383 1214 418 nianoovsurr‘ramcrs.
1241 365 1335 431 (tm.)

25 520 29 531 ’
72 590 75 595 .
135 550 194 601 §.²2
204 560 320 604 merum
345 541 461 600 intmus
485 538 631 599 credatur.
678 538 816 599 Lilmnter
843 535 933 597 nudta
957 535 1063 597 Leonis
1085 545 1252 614 pretereo,
1285 555 1321 597 ac
1348 534 1431 599 illius
1453 538 1510 596 ritae

204 652 344 722 (priamum
369 641 563 721 licetparco;
595 639 728 699 lmmines
756 658 825 698 vero
855 640 949 698 miror
977 639 1026 716 epu
1056 637 1156 699 salutis
1183 639 1365 716 presidium
1389 641 1420 699 in
1444 657 1509 699 eou-

202 742 329 825 fflflssffi
382 742 604 810 donationibus,
628 760 693 819 «pne
716 741 862 801 hortorum
887 758 1011 818 interum
1035 741 1226 800 cessationem
1253 740 1424 807 inducunt,
1452 741 1508 800 eol·

202 847 313 912 locant,
343 864 410 904 cum
438 845 530 903 sciant
559 843 646 903 tidem
676 844 738 902 siue
767 842 907 921 operibus
938 849 1083 901 rnnrtnam
1108 859 1186 901 esse:
1220 860 1292 902 nam
1318 845 1346 903 si
1371 845 1506 903 renlasn

199 948 343 1008 immiste-e
367 947 524 1013 euremari,
562 944 588 1003 id
613 963 682 1004 rero
706 945 833 1013 annuas,
868 942 1116 1022 quemadmodum
1140 944 1189 1022 qui
1213 944 1420 1004 nundinatum
1450 944 1525 1004 linita

202 1049 356 1108 mittuntur
378 1031 555 1125 praedicant,
586 1045 725 1114 salvaret,
755 1047 824 1106 nilril
849 1063 987 1123 maguum
1011 1053 1089 1105 esset
1110 1063 1209 1105 aurare
1231 1045 1325 1105 deum
1352 1054 1384 1105 et
1406 1048 1505 1125 proui-

201 1174 251 1209 m·
268 1181 332 1217 opo..
355 1166 362 1233 Ι
385 1167 481 1217 mum,
504 1146 575 1208 nulli
598 1166 722 1216 nocere,
746 1147 845 1206 uudtis
860 1147 1015 1224 prodesse,
1040 1164 1098 1205 uon
1114 1147 1224 1207 iulerre
1239 1148 1395 1216 iniuriam,
1419 1149 1504 1207 etlam

202 1250 375 1318 delerulere,
400 1268 487 1327 opem
512 1248 591 1310 leme
614 1250 742 1317 allllctis,
766 1267 943 1309 succurrere
966 1248 1134 1328 oppressiS,
1165 1249 1264 1307 iurare
1294 1251 1421 1327 inopes,
1453 1251 1503 1308 im·

202 1353 313 1430 pertire
335 1351 442 1429 aliquid
471 1350 666 1430 praepetibus,
700 1351 831 1427 dilligere
861 1369 970 1427 corpus
998 1349 1100 1410 lalroro
1129 1358 1157 1409 et
1191 1349 1310 1426 vigitiis,
1349 1369 1503 1410 macerare

201 1454 324 1521 ieiunio,
349 1460 489 1529 tormrere
511 1451 699 1519 abstinentia,
723 1452 850 1530 denique
873 1455 967 1512 virere
984 1453 1121 1511 intutum
1138 1450 1406 1519 abstinentissime;
1431 1452 1531 1512 nihilo

202 1573 341 1631 magmmr
365 1561 455 1623 esset,
479 1554 716 1632 ‹prartdnquiclerrr
740 1553 842 1617 liceret
864 1555 893 1613 in
917 1555 976 1613 otio
1000 1561 1028 1613 et
1051 1553 1175 1620 desidia,
1206 1559 1330 1630 tmpore
1353 1562 1383 1613 et
1405 1555 1502 1633 segni·

201 1652 326 1735 migr·
349 1667 356 1736 Ι
379 1657 432 1724 tie,
456 1657 484 1716 io
508 1654 627 1732 crapola
651 1663 679 1714 et
702 1656 858 1723 chrimate,
882 1654 952 1713 luxu
976 1661 1004 1714 et
1027 1654 1145 1722 delitiis,
1170 1656 1198 1713 in
1222 1655 1265 1714 ira
1289 1661 1318 1714 et
1342 1656 1429 1726 odie,
1453 1675 1501 1715 su·

202 1757 303 1834 perlue
328 1765 356 1816 et
380 1758 470 1824 fastu,
506 1758 589 1816 luctis
613 1759 780 1834 drapum,
816 1756 899 1815 lnriis
927 1761 955 1815 et
984 1756 1079 1825 caede,
1114 1755 1257 1824 lncritnr,
1293 1757 1420 1817 incursu
1453 1756 1500 1816 illo

203 1858 347 1919 malorum
376 1877 499 1937 operum
527 1858 646 1918 laentum
676 1859 755 1926 tieri,
786 1866 897 1918 tantum
924 1859 1038 1934 ‚emptis
1067 1858 1191 1934 pecunia
1218 1856 1498 1919 condonationihus.

148 1971 231 2021 :stet
253 1967 322 2020 tuuc
345 1959 505 2019 Fur-clunis
529 1961 623 2039 primo
647 1958 711 2019 loco
735 1958 863 2036 proclire
887 1967 962 2019 esset
990 1959 1074 2018 salcis
1097 1960 1174 2026 lieri;
1202 1977 1271 2018 nam
1298 1958 1420 2019 abunde
1450 1960 1529 2019 lia-n

203 2083 302 2126 nonno
332 2071 339 2139 Ι
363 2062 467 2121 herent
490 2063 528 2130 il,
552 2081 611 2140 quo
633 2064 741 2121 iterum
763 2067 851 2139 atque
874 2062 980 2123 iterum
1003 2069 1149 2120 emerent:
1180 2079 1238 2138 quo
1265 2068 1354 2137 pacto
1379 2080 1435 2139 per
1458 2063 1498 2120 in·

201 2184 279 2218 oon..
299 2163 306 2231 Ι
335 2164 438 2223 iuriam
462 2165 672 2241 praeriperetur
695 2163 875 2240 pauperibus
898 2163 1076 2241 promissum
1104 2181 1120 2221 a
1144 2161 1259 2221 Christo
1287 2181 1417 2238 regnum
1442 2183 1500 2223 ‹ue-

202 2264 313 2329 lormn,
338 2264 424 2323 etad
447 2264 550 2323 divites
573 2283 606 2323 ac
629 2263 845 2341 voluptuarios,
875 2264 961 2322 toties
984 2263 1019 2322 alr
1044 2263 1092 2322 illo
1115 2264 1284 2330 «lautomas,
1319 2265 1412 2322 imito
1436 2267 1500 2342 ipso

201 2366 423 2424 trarrslerretnr.
461 2372 549 2443 atque
571 2364 624 2424 lias
646 2372 704 2426 tam
728 2365 861 2425 sordidas
878 2367 1119 2442 conmutationes,
1142 2374 1202 2424 tam
1218 2364 1423 2425 lraudideutas
1446 2368 1500 2426 lm·

201 2473 337 2541 pasturas
357 2467 392 2526 ad
416 2468 583 2526 mutuorum
604 2466 726 2528 salutem
750 2470 886 2527 conferre
909 2465 1017 2545 aliquid
1041 2467 1206 2527 existimas?
1228 2468 1298 2544 quin
1321 2469 1422 2543 potiris
1444 2468 1530 2527 fri-ee

201 2565 294 2626 colam
319 2568 394 2627 lianc
416 2568 452 2628 ab
475 2570 573 2628 auium
596 2571 764 2647 opinionem
788 2576 907 2639 excute,
944 2576 1030 2647 teque
1059 2568 1280 2628 reformandum
1308 2569 1433 2646 praebe,
1469 2580 1501 2631 ut

202 2667 346 2745 inteiligas
368 2670 484 2731 inanem
508 2671 608 2731 lucum
631 2690 695 2731 esse
719 2671 796 2739 nec,
827 2671 939 2731 ceritati
969 2690 1027 2749 quo
1050 2672 1147 2730 miuus
1170 2678 1346 2748 agnoscatur
1370 2679 1500 2747 praten·

201 2789 260 2825 noir..
289 2770 296 2836 Ι
319 2789 393 2831 snm.
430 2773 460 2833 id
483 2773 563 2850 quod
587 2771 631 2833 rel
646 2791 737 2833 urium
753 2772 841 2832 lmllre
858 2771 1032 2832 vocabulum
1049 2772 1210 2831 adnumero
1227 2777 1254 2832 te
1271 2770 1387 2849 delinit:
1414 2776 1501 2834 eritius

201 2873 336 2939 uratcria,
361 2892 428 2932 cum
450 2875 488 2933 sit
508 2876 603 2935 inanis
625 2874 743 2953 quidam
767 2875 868 2942 datus,
892 2876 988 2952 primo
1012 2872 1143 2951 quolibet
1165 2872 1308 2932 levissimo
1331 2874 1421 2934 etiam
1444 2877 1499 2934 im·

201 2972 287 3050 pulsu
311 2974 520 3052 disperituros,
544 2977 612 3053 qnid
636 2977 665 3034 iu
682 2976 770 3036 lndlis
785 2975 925 3036 llomanis
940 2975 1031 3035 lidere
1047 2973 1145 3044 liccat,
1171 2974 1412 3052 cognosc-endum
1435 2976 1531 3037 dats,

132 3072 319 3160 eodlll‘itll
383 3097 532 3138 nemrim.
571 3078 689 3155 Optimo
712 3078 775 3136 iure
798 3083 1017 3154 persecpundnr
1040 3084 1068 3134 tc
1091 3077 1283 3137 intensissime
1306 3075 1408 3136 umlti:
1437 3080 1499 3155 pri·

200 3194 280 3236 mum
304 3176 454 3237 Romarms
476 3179 624 3247 l‘ontilex,
655 3181 701 3238 cui
730 3179 808 3257 quod
835 3181 864 3239 in
894 3179 956 3237 eius
979 3184 1120 3255 potestate
1143 3195 1289 3238 summum
1314 3185 1357 3237 ost
1380 3178 1499 3248 adimis

199 3277 304 3338 deimle
328 3279 495 3339 Caudinales
518 3288 546 3340 ot
574 3281 789 3358 prothonotarii
818 3298 935 3347 onmes,
970 3286 1124 3357 totumque
1152 3278 1222 3338 illud
1250 3279 1392 3339 llonranao
1422 3280 1499 3341 aulae

198 3378 371 3449 corrodium,
395 3381 473 3459 qrrod
497 3381 533 3441 ab
557 3382 744 3458 imlnlgentlis
767 3389 796 3442 et
818 3384 852 3441 iis
875 3400 940 3460 qum
964 3389 994 3440 tu
1018 3383 1128 3458 pariter
1152 3379 1247 3456 colligi
1264 3380 1388 3441 llomanr
1405 3391 1498 3452 retas,

198 3481 300 3549 alitum
330 3490 432 3560 posteo
455 3484 559 3561 inopes
581 3484 687 3544 scribto
710 3491 738 3544 et
768 3484 873 3543 notarii
902 3502 936 3542 ac
959 3484 1058 3542 miseri
1080 3483 1223 3560 copiistm,
1246 3483 1304 3560 nqui
1326 3484 1380 3542 nisi
1405 3483 1530 3547 lrullaeao

199 3584 375 3645 fabricanda}
398 3586 520 3655 doulon,
544 3588 712 3646 necessario
735 3585 853 3644 tandem
877 3587 1016 3644 esurient.

129 3699 186 3749 2²⁵.
260 3707 432 3748 nvrumivs.
471 3690 533 3757 Qua
557 3707 619 3747 mea
644 3686 747 3764 culpa?
782 3704 818 3747 an
849 3705 966 3764 pressum
995 3686 1066 3746 dare
1097 3686 1154 3746 hoc
1176 3702 1231 3762 ego
1255 3686 1383 3762 pontitici
1414 3689 1496 3765 quod

198 3787 332 3848 Christus
353 3807 412 3848 uon
436 3789 533 3858 dedit,
563 3791 622 3849 imo
652 3789 731 3867 quod
760 3787 850 3848 mrdta
873 3806 1060 3866 promonens
1083 3807 1119 3847 no
1142 3806 1271 3865 unquam
1295 3788 1322 3845 in
1346 3797 1496 3864 ‹lneestum

198 3895 328 3949 certatm·
351 3891 459 3966 pietas,
492 3890 601 3949 ademit
623 3892 728 3950 etiam't
757 3893 828 3962 Quor
851 3892 962 3950 iactura
992 3896 1088 3951 antem
1112 3889 1283 3948 Clnistianae
1310 3888 1495 3966 reipublicae,

195 4012 348 4050 orrannum.
371 3995 378 4063 Ι
402 3993 460 4051 imo
483 3992 560 4070 (prod
584 4010 642 4050 uon
666 3991 800 4052 solatium
824 4000 854 4050 et
873 3991 1075 4059 cornmndum,
1099 3991 1123 4050 si
1147 3996 1205 4049 tota
1228 3990 1281 4049 ista
1302 3991 1391 4049 curia}
1415 3991 1530 4055 illinse,

194 4090 333 4151 colluvies
360 4111 419 4152 nou
442 4095 550 4153 esuriat
573 4100 700 4162 tardum,
730 4093 780 4153 sed
805 4095 881 4154 larue
904 4095 990 4153 etiam
1014 4095 1154 4152 intereat?
1177 4091 1241 4150 Nou
1262 4090 1330 4150 licet
1351 4091 1426 4152 milri
1441 4093 1494 4152 do-

194 4211 262 4253 cere
285 4193 361 4254 aliud
386 4213 511 4271 unauna
535 4195 674 4272 magistro
698 4215 764 4255 meo
787 4195 902 4255 Christo
925 4195 1027 4262 didici,
1062 4201 1112 4253 aut
1140 4192 1270 4253 ecelesiae
1300 4190 1492 4272 illiusquam

194 4295 335 4372 prodesse
358 4296 435 4373 qnod
459 4297 529 4355 seio.

124 4404 183 4454 §.m
257 4417 405 4459 nemroa.
443 4397 508 4457 Tuo
530 4397 559 4457 id
576 4398 722 4477 perieulo;
746 4398 797 4458 sed
813 4395 909 4457 hellas
924 4399 973 4475 qui
988 4405 1048 4457 tam
1065 4398 1261 4456 irreverenter
1277 4395 1395 4473 accipis,
1420 4399 1493 4476 quid

196 4536 295 4543 ...-.--..

259 4599 345 4666 ⁴Ep.
358 4601 453 4651 lucebi
473 4602 507 4649 ll.
525 4599 563 4650 17.
635 4599 656 4632 ¹⁷
678 4600 776 4650 Matth.
790 4601 823 4649 V.
837 4599 862 4650 3.
876 4600 944 4648 Luc.
959 4600 1005 4648 Vl.
1018 4598 1060 4647 20.
1131 4597 1152 4629 ²³
1177 4597 1220 4648 Cf.
1235 4596 1300 4648 dial.
1315 4597 1387 4647 Bull.
1407 4601 1431 4660 ἓ.
1447 4600 1490 4651 26.

188 4688 212 4746 §-
226 4682 279 4751 llll
299 4686 377 4747 Quod
389 4685 526 4735 Lutherus
545 4685 570 4735 d.
593 4684 631 4733 m.
650 4685 718 4734 lloc.
734 4701 759 4734 a.
776 4683 848 4733 1520.
863 4685 945 4745 lecit,
966 4684 1012 4733 hie
1031 4700 1060 4733 se
1081 4683 1218 4732 lucturum
1237 4683 1316 4733 dicit.
