<?xml version="1.0" encoding="UTF-8"?>
<!DOCTYPE html PUBLIC "-//W3C//DTD XHTML 1.0 Transitional//EN"
    "http://www.w3.org/TR/xhtml1/DTD/xhtml1-transitional.dtd">
<html xmlns="http://www.w3.org/1999/xhtml" xml:lang="en" lang="en">
 <head>
  <title>
</title>
<meta http-equiv="Content-Type" content="text/html;charset=utf-8" />
  <meta name='ocr-system' content='tesseract 3.04.00' />
  <meta name='ocr-capabilities' content='ocr_page ocr_carea ocr_par ocr_line ocrx_word'/>
</head>
<body>
  <div class='ocr_page' id='page_1' title='image "./ulrichihuttenie10huttgoog_0348.png"; bbox 0 0 3276 5414; ppageno 0'>
   <div class='ocr_carea' id='block_1_1' title="bbox 256 382 1389 462">
    <p class='ocr_par' dir='ltr' id='par_1_1' title="bbox 256 382 1389 462">
     <span class='ocr_line' id='line_1_1' title="bbox 256 382 1389 462; baseline 0.004 -17"><span class='ocrx_word' id='word_1_1' title='bbox 256 395 331 448; x_wconf 81' lang='lat' dir='ltr'><strong>vm.</strong></span> <span class='ocrx_word' id='word_1_2' title='bbox 401 409 492 445; x_wconf 67' lang='lat' dir='ltr'><strong>aarum</strong></span> <span class='ocrx_word' id='word_1_3' title='bbox 512 410 534 444; x_wconf 88' lang='lat' dir='ltr'><strong>s.</strong></span> <span class='ocrx_word' id='word_1_4' title='bbox 554 411 715 445; x_wconf 72' lang='lat' dir='ltr'><strong>accuretur.</strong></span> <span class='ocrx_word' id='word_1_5' title='bbox 771 411 910 447; x_wconf 77' lang='lat' dir='ltr'><strong>nrauouvs</strong></span> <span class='ocrx_word' id='word_1_6' title='bbox 929 412 1114 447; x_wconf 73' lang='lat' dir='ltr'><strong>arcesarces.</strong></span> <span class='ocrx_word' id='word_1_7' title='bbox 1151 397 1234 462; x_wconf 78' lang='lat' dir='ltr'><strong>(teto.)</strong></span> <span class='ocrx_word' id='word_1_8' title='bbox 1320 382 1389 455; x_wconf 76' lang='lat'><strong>321</strong></span> 
     </span>
    </p>
   </div>
   <div class='ocr_carea' id='block_1_2' title="bbox 61 563 1462 4099">
    <p class='ocr_par' dir='ltr' id='par_1_2' title="bbox 61 563 1462 4099">
     <span class='ocr_line' id='line_1_2' title="bbox 131 563 1404 643; baseline -0.005 -16"><span class='ocrx_word' id='word_1_9' title='bbox 131 580 133 585; x_wconf 57' lang='lat'><strong>⁴</strong></span> <span class='ocrx_word' id='word_1_10' title='bbox 163 584 336 627; x_wconf 80' lang='lat' dir='ltr'><strong>srrrsuvs.</strong></span> <span class='ocrx_word' id='word_1_11' title='bbox 374 563 437 642; x_wconf 83' lang='lat' dir='ltr'><strong>Ege</strong></span> <span class='ocrx_word' id='word_1_12' title='bbox 458 564 567 625; x_wconf 87' lang='lat' dir='ltr'><strong>adscivi</strong></span> <span class='ocrx_word' id='word_1_13' title='bbox 588 564 676 626; x_wconf 82' lang='lat' dir='ltr'><strong>ultro.</strong></span> <span class='ocrx_word' id='word_1_14' title='bbox 1398 635 1404 643; x_wconf 21' lang='grc' dir='ltr'><strong>μ</strong></span> 
     </span>
     <span class='ocr_line' id='line_1_3' title="bbox 163 666 1462 748; baseline 0.007 -23"><span class='ocrx_word' id='word_1_15' title='bbox 163 687 273 728; x_wconf 79' lang='lat' dir='ltr'><strong>arnan.</strong></span> <span class='ocrx_word' id='word_1_16' title='bbox 311 666 421 748; x_wconf 76' lang='lat' dir='ltr'><strong>Bardo,</strong></span> <span class='ocrx_word' id='word_1_17' title='bbox 444 666 574 744; x_wconf 83' lang='lat' dir='ltr'><strong>stupide,</strong></span> <span class='ocrx_word' id='word_1_18' title='bbox 604 668 654 745; x_wconf 84' lang='lat' dir='ltr'><strong>qui</strong></span> <span class='ocrx_word' id='word_1_19' title='bbox 677 667 734 726; x_wconf 89' lang='lat' dir='ltr'><strong>hec</strong></span> <span class='ocrx_word' id='word_1_20' title='bbox 761 674 899 735; x_wconf 73' lang='lat' dir='ltr'><strong>attentes:</strong></span> <span class='ocrx_word' id='word_1_21' title='bbox 917 668 1019 743; x_wconf 79' lang='lat' dir='ltr'><strong>igitur</strong></span> <span class='ocrx_word' id='word_1_22' title='bbox 1048 671 1111 728; x_wconf 88' lang='lat' dir='ltr'><strong>sine</strong></span> <span class='ocrx_word' id='word_1_23' title='bbox 1139 669 1209 730; x_wconf 81' lang='lat' dir='ltr'><strong>ltine</strong></span> <span class='ocrx_word' id='word_1_24' title='bbox 1237 670 1319 732; x_wconf 88' lang='lat' dir='ltr'><strong>abire</strong></span> <span class='ocrx_word' id='word_1_25' title='bbox 1347 690 1394 733; x_wconf 89' lang='lat' dir='ltr'><strong>me</strong></span> <span class='ocrx_word' id='word_1_26' title='bbox 1404 689 1462 738; x_wconf 71' lang='lat' dir='ltr'><strong>aas.</strong></span> 
     </span>
     <span class='ocr_line' id='line_1_4' title="bbox 100 770 365 847; baseline -0.004 -19"><span class='ocrx_word' id='word_1_27' title='bbox 100 788 158 847; x_wconf 86' lang='lat' dir='ltr'><strong>qno</strong></span> <span class='ocrx_word' id='word_1_28' title='bbox 181 788 245 828; x_wconf 87' lang='lat' dir='ltr'><strong>snm</strong></span> <span class='ocrx_word' id='word_1_29' title='bbox 268 770 365 829; x_wconf 89' lang='lat' dir='ltr'><strong>missa.</strong></span> 
     </span>
     <span class='ocr_line' id='line_1_5' title="bbox 163 869 652 947; baseline -0.006 -17"><span class='ocrx_word' id='word_1_30' title='bbox 163 890 336 933; x_wconf 72' lang='lat' dir='ltr'><strong>averanus.</strong></span> <span class='ocrx_word' id='word_1_31' title='bbox 375 869 428 930; x_wconf 91' lang='lat' dir='ltr'><strong>Ubi</strong></span> <span class='ocrx_word' id='word_1_32' title='bbox 452 870 522 947; x_wconf 77' lang='lat' dir='ltr'><strong>quiid</strong></span> <span class='ocrx_word' id='word_1_33' title='bbox 545 871 652 930; x_wconf 78' lang='lat' dir='ltr'><strong>laeies‘i</strong></span> 
     </span>
     <span class='ocr_line' id='line_1_6' title="bbox 63 969 1394 1050; baseline 0.005 -19"><span class='ocrx_word' id='word_1_34' title='bbox 63 987 75 1023; x_wconf 78' lang='lat'><strong>⁵</strong></span> <span class='ocrx_word' id='word_1_35' title='bbox 164 993 273 1035; x_wconf 77' lang='lat' dir='ltr'><strong>aunan.</strong></span> <span class='ocrx_word' id='word_1_36' title='bbox 311 972 410 1050; x_wconf 91' lang='lat' dir='ltr'><strong>lpsum</strong></span> <span class='ocrx_word' id='word_1_37' title='bbox 433 972 511 1050; x_wconf 70' lang='lat' dir='ltr'><strong>(praed</strong></span> <span class='ocrx_word' id='word_1_38' title='bbox 535 972 608 1039; x_wconf 79' lang='lat' dir='ltr'><strong>dixi,</strong></span> <span class='ocrx_word' id='word_1_39' title='bbox 633 971 669 1030; x_wconf 94' lang='lat' dir='ltr'><strong>ad</strong></span> <span class='ocrx_word' id='word_1_40' title='bbox 692 969 770 1049; x_wconf 89' lang='lat' dir='ltr'><strong>qnod</strong></span> <span class='ocrx_word' id='word_1_41' title='bbox 793 971 939 1039; x_wconf 85' lang='lat' dir='ltr'><strong>instituta,</strong></span> <span class='ocrx_word' id='word_1_42' title='bbox 963 979 1081 1041; x_wconf 75' lang='lat' dir='ltr'><strong>ornata,</strong></span> <span class='ocrx_word' id='word_1_43' title='bbox 1111 975 1141 1033; x_wconf 90' lang='lat' dir='ltr'><strong>in</strong></span> <span class='ocrx_word' id='word_1_44' title='bbox 1164 974 1267 1035; x_wconf 80' lang='lat' dir='ltr'><strong>ordine</strong></span> <span class='ocrx_word' id='word_1_45' title='bbox 1290 985 1394 1038; x_wconf 87' lang='lat' dir='ltr'><strong>cuncta</strong></span> 
     </span>
     <span class='ocr_line' id='line_1_7' title="bbox 99 1072 1394 1153; baseline 0.005 -21"><span class='ocrx_word' id='word_1_46' title='bbox 99 1073 209 1142; x_wconf 83' lang='lat' dir='ltr'><strong>lrabeo;</strong></span> <span class='ocrx_word' id='word_1_47' title='bbox 240 1082 268 1134; x_wconf 89' lang='lat' dir='ltr'><strong>et</strong></span> <span class='ocrx_word' id='word_1_48' title='bbox 291 1076 347 1134; x_wconf 91' lang='lat' dir='ltr'><strong>iam</strong></span> <span class='ocrx_word' id='word_1_49' title='bbox 371 1083 491 1153; x_wconf 86' lang='lat' dir='ltr'><strong>tempus</strong></span> <span class='ocrx_word' id='word_1_50' title='bbox 510 1081 568 1140; x_wconf 90' lang='lat' dir='ltr'><strong>est,</strong></span> <span class='ocrx_word' id='word_1_51' title='bbox 599 1080 667 1132; x_wconf 89' lang='lat' dir='ltr'><strong>sunt</strong></span> <span class='ocrx_word' id='word_1_52' title='bbox 689 1072 824 1133; x_wconf 89' lang='lat' dir='ltr'><strong>homines</strong></span> <span class='ocrx_word' id='word_1_53' title='bbox 847 1080 875 1132; x_wconf 89' lang='lat' dir='ltr'><strong>et</strong></span> <span class='ocrx_word' id='word_1_54' title='bbox 902 1073 939 1133; x_wconf 88' lang='lat' dir='ltr'><strong>ad</strong></span> <span class='ocrx_word' id='word_1_55' title='bbox 962 1090 1081 1135; x_wconf 87' lang='lat' dir='ltr'><strong>manum</strong></span> <span class='ocrx_word' id='word_1_56' title='bbox 1103 1077 1235 1144; x_wconf 81' lang='lat' dir='ltr'>occasio,</span> <span class='ocrx_word' id='word_1_57' title='bbox 1265 1084 1297 1138; x_wconf 90' lang='lat' dir='ltr'><strong>ut</strong></span> <span class='ocrx_word' id='word_1_58' title='bbox 1319 1086 1394 1138; x_wconf 89' lang='lat' dir='ltr'><strong>unn-</strong></span> 
     </span>
     <span class='ocr_line' id='line_1_8' title="bbox 99 1175 457 1253; baseline 0.003 -19"><span class='ocrx_word' id='word_1_59' title='bbox 99 1194 186 1253; x_wconf 74' lang='lat' dir='ltr'><strong>apuam</strong></span> <span class='ocrx_word' id='word_1_60' title='bbox 209 1176 313 1236; x_wconf 85' lang='lat' dir='ltr'><strong>melius</strong></span> <span class='ocrx_word' id='word_1_61' title='bbox 335 1175 457 1237; x_wconf 72' lang='lat' dir='ltr'><strong>licuerit.</strong></span> 
     </span>
     <span class='ocr_line' id='line_1_9' title="bbox 162 1277 1395 1357; baseline 0.005 -19"><span class='ocrx_word' id='word_1_62' title='bbox 162 1299 335 1340; x_wconf 75' lang='lat' dir='ltr'><strong>nvrrrmvs.</strong></span> <span class='ocrx_word' id='word_1_63' title='bbox 375 1279 507 1338; x_wconf 85' lang='lat' dir='ltr'><strong>Exirnam</strong></span> <span class='ocrx_word' id='word_1_64' title='bbox 530 1279 586 1338; x_wconf 90' lang='lat' dir='ltr'><strong>bec</strong></span> <span class='ocrx_word' id='word_1_65' title='bbox 610 1297 664 1355; x_wconf 81' lang='lat' dir='ltr'><strong>ego</strong></span> <span class='ocrx_word' id='word_1_66' title='bbox 688 1277 738 1337; x_wconf 91' lang='lat' dir='ltr'><strong>tibi</strong></span> <span class='ocrx_word' id='word_1_67' title='bbox 762 1296 850 1337; x_wconf 81' lang='lat' dir='ltr'><strong>urarrn</strong></span> <span class='ocrx_word' id='word_1_68' title='bbox 874 1277 1072 1338; x_wconf 81' lang='lat' dir='ltr'>manubrium.</span> <span class='ocrx_word' id='word_1_69' title='bbox 1110 1298 1172 1357; x_wconf 85' lang='lat' dir='ltr'><strong>quo</strong></span> <span class='ocrx_word' id='word_1_70' title='bbox 1193 1280 1318 1357; x_wconf 78' lang='lat' dir='ltr'><strong>fugitas?</strong></span> <span class='ocrx_word' id='word_1_71' title='bbox 1347 1301 1395 1345; x_wconf 92' lang='lat' dir='ltr'><strong>me</strong></span> 
     </span>
     <span class='ocr_line' id='line_1_10' title="bbox 99 1378 1392 1463; baseline 0.006 -26"><span class='ocrx_word' id='word_1_72' title='bbox 99 1388 214 1457; x_wconf 84' lang='lat' dir='ltr'><strong>specta:</strong></span> <span class='ocrx_word' id='word_1_73' title='bbox 243 1389 275 1440; x_wconf 89' lang='lat' dir='ltr'><strong>ut</strong></span> <span class='ocrx_word' id='word_1_74' title='bbox 298 1381 439 1456; x_wconf 72' lang='lat' dir='ltr'>frugalem</span> <span class='ocrx_word' id='word_1_75' title='bbox 470 1381 601 1457; x_wconf 84' lang='lat' dir='ltr'><strong>incessu,</strong></span> <span class='ocrx_word' id='word_1_76' title='bbox 630 1378 746 1448; x_wconf 88' lang='lat' dir='ltr'><strong>babitu,</strong></span> <span class='ocrx_word' id='word_1_77' title='bbox 776 1381 843 1440; x_wconf 85' lang='lat' dir='ltr'><strong>lacit</strong></span> <span class='ocrx_word' id='word_1_78' title='bbox 873 1398 919 1447; x_wconf 84' lang='lat' dir='ltr'><strong>se:</strong></span> <span class='ocrx_word' id='word_1_79' title='bbox 946 1396 1018 1439; x_wconf 85' lang='lat' dir='ltr'><strong>rem</strong></span> <span class='ocrx_word' id='word_1_80' title='bbox 1041 1398 1105 1441; x_wconf 86' lang='lat' dir='ltr'><strong>esse</strong></span> <span class='ocrx_word' id='word_1_81' title='bbox 1127 1381 1289 1443; x_wconf 73' lang='lat' dir='ltr'><strong>arbitretur</strong></span> <span class='ocrx_word' id='word_1_82' title='bbox 1311 1386 1392 1463; x_wconf 89' lang='lat' dir='ltr'><strong>quis:</strong></span> 
     </span>
     <span class='ocr_line' id='line_1_11' title="bbox 66 1478 1192 1559; baseline 0.002 -19"><span class='ocrx_word' id='word_1_83' title='bbox 66 1483 214 1559; x_wconf 64' lang='lat' dir='ltr'><strong>campise</strong></span> <span class='ocrx_word' id='word_1_84' title='bbox 237 1483 266 1541; x_wconf 91' lang='lat' dir='ltr'><strong>in</strong></span> <span class='ocrx_word' id='word_1_85' title='bbox 289 1501 351 1550; x_wconf 85' lang='lat' dir='ltr'><strong>ure,</strong></span> <span class='ocrx_word' id='word_1_86' title='bbox 375 1484 504 1559; x_wconf 85' lang='lat' dir='ltr'><strong>respiee;</strong></span> <span class='ocrx_word' id='word_1_87' title='bbox 529 1478 621 1559; x_wconf 84' lang='lat' dir='ltr'><strong>plagis</strong></span> <span class='ocrx_word' id='word_1_88' title='bbox 644 1481 859 1541; x_wconf 83' lang='lat' dir='ltr'><strong>corrseiudcnda</strong></span> <span class='ocrx_word' id='word_1_89' title='bbox 883 1499 930 1549; x_wconf 90' lang='lat' dir='ltr'><strong>es,</strong></span> <span class='ocrx_word' id='word_1_90' title='bbox 954 1480 1030 1541; x_wconf 88' lang='lat' dir='ltr'><strong>mala</strong></span> <span class='ocrx_word' id='word_1_91' title='bbox 1052 1480 1192 1543; x_wconf 80' lang='lat' dir='ltr'><strong>malefica.</strong></span> 
     </span>
     <span class='ocr_line' id='line_1_12' title="bbox 160 1581 1461 1677; baseline -0.002 -35"><span class='ocrx_word' id='word_1_92' title='bbox 160 1604 271 1645; x_wconf 72' lang='lat' dir='ltr'><strong>nvrmn.</strong></span> <span class='ocrx_word' id='word_1_93' title='bbox 310 1583 395 1643; x_wconf 84' lang='lat' dir='ltr'><strong>Ferte</strong></span> <span class='ocrx_word' id='word_1_94' title='bbox 418 1602 504 1662; x_wconf 94' lang='lat' dir='ltr'><strong>opem</strong></span> <span class='ocrx_word' id='word_1_95' title='bbox 527 1583 613 1649; x_wconf 84' lang='lat' dir='ltr'><strong>milri,</strong></span> <span class='ocrx_word' id='word_1_96' title='bbox 639 1590 701 1642; x_wconf 85' lang='lat' dir='ltr'><strong>oste</strong></span> <span class='ocrx_word' id='word_1_97' title='bbox 724 1582 846 1661; x_wconf 73' lang='lat' dir='ltr'><strong>anulio,</strong></span> <span class='ocrx_word' id='word_1_98' title='bbox 871 1583 910 1660; x_wconf 90' lang='lat' dir='ltr'><strong>pii</strong></span> <span class='ocrx_word' id='word_1_99' title='bbox 932 1581 1040 1677; x_wconf 73' lang='lat' dir='ltr'><strong>ultique</strong></span> <span class='ocrx_word' id='word_1_100' title='bbox 1062 1583 1216 1655; x_wconf 82' lang='lat' dir='ltr'><strong>Germani,</strong></span> <span class='ocrx_word' id='word_1_101' title='bbox 1247 1585 1254 1655; x_wconf 97' lang='grc' dir='ltr'>Ι</span> <span class='ocrx_word' id='word_1_102' title='bbox 1281 1585 1461 1671; x_wconf 36' lang='lat' dir='ltr'><strong>Qua-tn.</strong></span> 
     </span>
     <span class='ocr_line' id='line_1_13' title="bbox 99 1683 1393 1767; baseline 0.004 -24"><span class='ocrx_word' id='word_1_103' title='bbox 99 1684 172 1745; x_wconf 84' lang='lat' dir='ltr'><strong>lerte</strong></span> <span class='ocrx_word' id='word_1_104' title='bbox 193 1687 342 1763; x_wconf 79' lang='lat' dir='ltr'><strong>suppetias</strong></span> <span class='ocrx_word' id='word_1_105' title='bbox 365 1684 505 1745; x_wconf 87' lang='lat' dir='ltr'><strong>violenter</strong></span> <span class='ocrx_word' id='word_1_106' title='bbox 527 1686 657 1745; x_wconf 85' lang='lat' dir='ltr'><strong>alilictae:</strong></span> <span class='ocrx_word' id='word_1_107' title='bbox 681 1684 729 1745; x_wconf 92' lang='lat' dir='ltr'><strong>hic</strong></span> <span class='ocrx_word' id='word_1_108' title='bbox 752 1690 796 1744; x_wconf 90' lang='lat' dir='ltr'><strong>est</strong></span> <span class='ocrx_word' id='word_1_109' title='bbox 818 1684 906 1744; x_wconf 84' lang='lat' dir='ltr'><strong>bento</strong></span> <span class='ocrx_word' id='word_1_110' title='bbox 929 1684 980 1762; x_wconf 83' lang='lat' dir='ltr'><strong>qui</strong></span> <span class='ocrx_word' id='word_1_111' title='bbox 1002 1683 1097 1744; x_wconf 90' lang='lat' dir='ltr'><strong>bullas</strong></span> <span class='ocrx_word' id='word_1_112' title='bbox 1113 1685 1232 1763; x_wconf 79' lang='lat' dir='ltr'><strong>altligit,</strong></span> <span class='ocrx_word' id='word_1_113' title='bbox 1256 1690 1305 1767; x_wconf 90' lang='lat' dir='ltr'><strong>qui</strong></span> <span class='ocrx_word' id='word_1_114' title='bbox 1320 1688 1393 1750; x_wconf 91' lang='lat' dir='ltr'><strong>Leo·</strong></span> 
     </span>
     <span class='ocr_line' id='line_1_14' title="bbox 98 1786 541 1847; baseline -0.002 -1"><span class='ocrx_word' id='word_1_115' title='bbox 98 1805 165 1847; x_wconf 88' lang='lat' dir='ltr'><strong>uem</strong></span> <span class='ocrx_word' id='word_1_116' title='bbox 189 1787 336 1847; x_wconf 89' lang='lat' dir='ltr'><strong>decimum</strong></span> <span class='ocrx_word' id='word_1_117' title='bbox 358 1786 442 1847; x_wconf 89' lang='lat' dir='ltr'><strong>ludos</strong></span> <span class='ocrx_word' id='word_1_118' title='bbox 466 1787 541 1847; x_wconf 76' lang='lat' dir='ltr'><strong>[croit.</strong></span> 
     </span>
     <span class='ocr_line' id='line_1_15' title="bbox 161 1888 692 1966; baseline -0.006 -16"><span class='ocrx_word' id='word_1_119' title='bbox 161 1909 335 1950; x_wconf 74' lang='lat' dir='ltr'><strong>nurrnsvs.</strong></span> <span class='ocrx_word' id='word_1_120' title='bbox 373 1889 396 1947; x_wconf 87' lang='grc' dir='ltr'><strong>Τ</strong></span> <span class='ocrx_word' id='word_1_121' title='bbox 399 1908 417 1948; x_wconf 83' lang='grc' dir='ltr'><strong>ιι</strong></span> <span class='ocrx_word' id='word_1_122' title='bbox 441 1888 544 1966; x_wconf 79' lang='lat' dir='ltr'><strong>vapula</strong></span> <span class='ocrx_word' id='word_1_123' title='bbox 566 1890 692 1949; x_wconf 85' lang='lat' dir='ltr'><strong>iuterim.</strong></span> 
     </span>
     <span class='ocr_line' id='line_1_16' title="bbox 66 1989 1393 2068; baseline 0.005 -19"><span class='ocrx_word' id='word_1_124' title='bbox 66 2005 89 2043; x_wconf 78' lang='lat'><strong>¹⁵</strong></span> <span class='ocrx_word' id='word_1_125' title='bbox 163 2011 272 2051; x_wconf 76' lang='lat' dir='ltr'><strong>svesa.</strong></span> <span class='ocrx_word' id='word_1_126' title='bbox 311 1991 390 2050; x_wconf 84' lang='lat' dir='ltr'><strong>Mitte</strong></span> <span class='ocrx_word' id='word_1_127' title='bbox 413 1992 532 2068; x_wconf 88' lang='lat' dir='ltr'><strong>inquam</strong></span> <span class='ocrx_word' id='word_1_128' title='bbox 554 2009 617 2051; x_wconf 90' lang='lat' dir='ltr'><strong>me:</strong></span> <span class='ocrx_word' id='word_1_129' title='bbox 640 2008 707 2050; x_wconf 88' lang='lat' dir='ltr'><strong>narn</strong></span> <span class='ocrx_word' id='word_1_130' title='bbox 731 1989 808 2049; x_wconf 83' lang='lat' dir='ltr'><strong>harre</strong></span> <span class='ocrx_word' id='word_1_131' title='bbox 823 1990 893 2050; x_wconf 88' lang='lat' dir='ltr'><strong>dare</strong></span> <span class='ocrx_word' id='word_1_132' title='bbox 910 1997 938 2049; x_wconf 88' lang='lat' dir='ltr'><strong>te</strong></span> <span class='ocrx_word' id='word_1_133' title='bbox 953 1990 1025 2049; x_wconf 89' lang='lat' dir='ltr'><strong>mibi</strong></span> <span class='ocrx_word' id='word_1_134' title='bbox 1040 2008 1160 2068; x_wconf 87' lang='lat' dir='ltr'><strong>operam</strong></span> <span class='ocrx_word' id='word_1_135' title='bbox 1177 2009 1299 2054; x_wconf 75' lang='lat' dir='ltr'><strong>necesso</strong></span> <span class='ocrx_word' id='word_1_136' title='bbox 1314 1995 1393 2055; x_wconf 89' lang='lat' dir='ltr'><strong>band</strong></span> 
     </span>
     <span class='ocr_line' id='line_1_17' title="bbox 100 2091 528 2160; baseline 0.002 -9"><span class='ocrx_word' id='word_1_137' title='bbox 100 2100 157 2157; x_wconf 89' lang='lat' dir='ltr'><strong>est,</strong></span> <span class='ocrx_word' id='word_1_138' title='bbox 181 2091 303 2160; x_wconf 92' lang='lat' dir='ltr'><strong>malam,</strong></span> <span class='ocrx_word' id='word_1_139' title='bbox 328 2092 528 2153; x_wconf 83' lang='lat' dir='ltr'><strong>inofficiosam.</strong></span> 
     </span>
     <span class='ocr_line' id='line_1_18' title="bbox 161 2193 1392 2263; baseline 0.004 -10"><span class='ocrx_word' id='word_1_140' title='bbox 161 2214 334 2254; x_wconf 81' lang='lat' dir='ltr'><strong>nvrrsuvs.</strong></span> <span class='ocrx_word' id='word_1_141' title='bbox 373 2193 484 2253; x_wconf 76' lang='lat' dir='ltr'><strong>&#39;laerten</strong></span> <span class='ocrx_word' id='word_1_142' title='bbox 505 2194 575 2253; x_wconf 89' lang='lat' dir='ltr'><strong>dare</strong></span> <span class='ocrx_word' id='word_1_143' title='bbox 594 2195 686 2254; x_wconf 84' lang='lat' dir='ltr'><strong>visum</strong></span> <span class='ocrx_word' id='word_1_144' title='bbox 705 2202 765 2263; x_wconf 88' lang='lat' dir='ltr'><strong>est;</strong></span> <span class='ocrx_word' id='word_1_145' title='bbox 790 2202 818 2254; x_wconf 88' lang='lat' dir='ltr'><strong>et</strong></span> <span class='ocrx_word' id='word_1_146' title='bbox 833 2196 891 2254; x_wconf 88' lang='lat' dir='ltr'><strong>iam</strong></span> <span class='ocrx_word' id='word_1_147' title='bbox 911 2195 1007 2254; x_wconf 86' lang='lat' dir='ltr'><strong>statim</strong></span> <span class='ocrx_word' id='word_1_148' title='bbox 1026 2210 1060 2254; x_wconf 84' lang='lat' dir='ltr'><strong>ex</strong></span> <span class='ocrx_word' id='word_1_149' title='bbox 1081 2212 1138 2254; x_wconf 90' lang='lat' dir='ltr'><strong>una</strong></span> <span class='ocrx_word' id='word_1_150' title='bbox 1157 2194 1263 2255; x_wconf 84' lang='lat' dir='ltr'><strong>rncdtas</strong></span> <span class='ocrx_word' id='word_1_151' title='bbox 1278 2197 1392 2258; x_wconf 80' lang='lat' dir='ltr'><strong>taciem.</strong></span> 
     </span>
     <span class='ocr_line' id='line_1_19' title="bbox 161 2294 1394 2377; baseline 0.002 -22"><span class='ocrx_word' id='word_1_152' title='bbox 161 2317 271 2356; x_wconf 73' lang='lat' dir='ltr'><strong>nuncu.</strong></span> <span class='ocrx_word' id='word_1_153' title='bbox 303 2294 348 2355; x_wconf 90' lang='grc' dir='ltr'><strong>Τιι</strong></span> <span class='ocrx_word' id='word_1_154' title='bbox 364 2294 459 2355; x_wconf 91' lang='lat' dir='ltr'><strong>bullas</strong></span> <span class='ocrx_word' id='word_1_155' title='bbox 475 2297 572 2363; x_wconf 86' lang='lat' dir='ltr'><strong>lacios,</strong></span> <span class='ocrx_word' id='word_1_156' title='bbox 589 2296 646 2365; x_wconf 89' lang='lat' dir='ltr'><strong>dic,</strong></span> <span class='ocrx_word' id='word_1_157' title='bbox 663 2295 795 2364; x_wconf 81' lang='lat' dir='ltr'><strong>falsarie,</strong></span> <span class='ocrx_word' id='word_1_158' title='bbox 811 2295 881 2355; x_wconf 90' lang='lat' dir='ltr'><strong>selis</strong></span> <span class='ocrx_word' id='word_1_159' title='bbox 896 2296 1086 2357; x_wconf 82' lang='lat' dir='ltr'><strong>Pontificibus</strong></span> <span class='ocrx_word' id='word_1_160' title='bbox 1102 2297 1180 2375; x_wconf 91' lang='lat' dir='ltr'><strong>quod</strong></span> <span class='ocrx_word' id='word_1_161' title='bbox 1196 2297 1282 2358; x_wconf 78' lang='lat' dir='ltr'><strong>licet?</strong></span> <span class='ocrx_word' id='word_1_162' title='bbox 1319 2298 1394 2377; x_wconf 45' lang='lat' dir='ltr'><strong>iffi,</strong></span> 
     </span>
     <span class='ocr_line' id='line_1_20' title="bbox 160 2397 1394 2479; baseline 0.005 -23"><span class='ocrx_word' id='word_1_163' title='bbox 160 2415 333 2457; x_wconf 79' lang='lat' dir='ltr'><strong>nvrrsuus.</strong></span> <span class='ocrx_word' id='word_1_164' title='bbox 372 2397 468 2458; x_wconf 82' lang='lat' dir='ltr'><strong>Novas</strong></span> <span class='ocrx_word' id='word_1_165' title='bbox 488 2399 607 2477; x_wconf 79' lang='lat' dir='ltr'><strong>quidem</strong></span> <span class='ocrx_word' id='word_1_166' title='bbox 636 2416 697 2458; x_wconf 91' lang='lat' dir='ltr'><strong>non</strong></span> <span class='ocrx_word' id='word_1_167' title='bbox 725 2399 847 2465; x_wconf 75' lang='lat' dir='ltr'><strong>faeiam3</strong></span> <span class='ocrx_word' id='word_1_168' title='bbox 881 2404 910 2456; x_wconf 91' lang='lat' dir='ltr'><strong>te</strong></span> <span class='ocrx_word' id='word_1_169' title='bbox 937 2414 1008 2457; x_wconf 79' lang='lat' dir='ltr'><strong>cero</strong></span> <span class='ocrx_word' id='word_1_170' title='bbox 1037 2399 1205 2468; x_wconf 87' lang='lat' dir='ltr'><strong>dissecabo,</strong></span> <span class='ocrx_word' id='word_1_171' title='bbox 1236 2407 1269 2460; x_wconf 93' lang='lat' dir='ltr'><strong>ut</strong></span> <span class='ocrx_word' id='word_1_172' title='bbox 1295 2409 1394 2479; x_wconf 86' lang='lat' dir='ltr'><strong>partes</strong></span> 
     </span>
     <span class='ocr_line' id='line_1_21' title="bbox 62 2498 440 2558; baseline 0.003 -1"><span class='ocrx_word' id='word_1_173' title='bbox 62 2500 231 2558; x_wconf 70' lang='lat' dir='ltr'><strong>touriuutim</strong></span> <span class='ocrx_word' id='word_1_174' title='bbox 254 2498 353 2558; x_wconf 76' lang='lat' dir='ltr'><strong>multae</strong></span> <span class='ocrx_word' id='word_1_175' title='bbox 375 2500 440 2558; x_wconf 91' lang='lat' dir='ltr'><strong>sint.</strong></span> 
     </span>
     <span class='ocr_line' id='line_1_22' title="bbox 162 2600 1459 2678; baseline 0 -19"><span class='ocrx_word' id='word_1_176' title='bbox 162 2622 271 2661; x_wconf 71' lang='lat' dir='ltr'><strong>avenn.</strong></span> <span class='ocrx_word' id='word_1_177' title='bbox 305 2601 460 2661; x_wconf 82' lang='lat' dir='ltr'><strong>llorninem</strong></span> <span class='ocrx_word' id='word_1_178' title='bbox 484 2620 538 2678; x_wconf 81' lang='lat' dir='ltr'><strong>ege</strong></span> <span class='ocrx_word' id='word_1_179' title='bbox 560 2603 653 2678; x_wconf 87' lang='lat' dir='ltr'><strong>magis</strong></span> <span class='ocrx_word' id='word_1_180' title='bbox 677 2600 798 2662; x_wconf 82' lang='lat' dir='ltr'><strong>bestiam</strong></span> <span class='ocrx_word' id='word_1_181' title='bbox 823 2602 880 2662; x_wconf 86' lang='lat' dir='ltr'><strong>vidi</strong></span> <span class='ocrx_word' id='word_1_182' title='bbox 901 2602 1058 2661; x_wconf 84' lang='lat' dir='ltr'><strong>nemiuem.</strong></span> <span class='ocrx_word' id='word_1_183' title='bbox 1340 2614 1342 2619; x_wconf 81' lang='grc'>’</span> <span class='ocrx_word' id='word_1_184' title='bbox 1403 2611 1459 2662; x_wconf 73' lang='lat' dir='ltr'><strong>§.aa</strong></span> 
     </span>
     <span class='ocr_line' id='line_1_23' title="bbox 160 2701 1392 2781; baseline 0.002 -18"><span class='ocrx_word' id='word_1_185' title='bbox 160 2722 334 2765; x_wconf 76' lang='lat' dir='ltr'><strong>avarsuvs.</strong></span> <span class='ocrx_word' id='word_1_186' title='bbox 373 2702 474 2781; x_wconf 88' lang='lat' dir='ltr'><strong>Neque</strong></span> <span class='ocrx_word' id='word_1_187' title='bbox 498 2721 553 2779; x_wconf 82' lang='lat' dir='ltr'><strong>ego</strong></span> <span class='ocrx_word' id='word_1_188' title='bbox 575 2701 684 2763; x_wconf 92' lang='lat' dir='ltr'><strong>bullam</strong></span> <span class='ocrx_word' id='word_1_189' title='bbox 708 2704 882 2780; x_wconf 87' lang='lat' dir='ltr'><strong>nequiorem</strong></span> <span class='ocrx_word' id='word_1_190' title='bbox 907 2721 1044 2781; x_wconf 83' lang='lat' dir='ltr'><strong>nsquam:</strong></span> <span class='ocrx_word' id='word_1_191' title='bbox 1069 2709 1100 2762; x_wconf 91' lang='lat' dir='ltr'><strong>ut</strong></span> <span class='ocrx_word' id='word_1_192' title='bbox 1122 2710 1196 2762; x_wconf 83' lang='lat' dir='ltr'><strong>tetra</strong></span> <span class='ocrx_word' id='word_1_193' title='bbox 1221 2723 1267 2775; x_wconf 76' lang='lat' dir='ltr'><strong>es,</strong></span> <span class='ocrx_word' id='word_1_194' title='bbox 1291 2713 1319 2765; x_wconf 89' lang='lat' dir='ltr'><strong>et</strong></span> <span class='ocrx_word' id='word_1_195' title='bbox 1342 2707 1392 2766; x_wconf 90' lang='lat' dir='ltr'><strong>ad·</strong></span> 
     </span>
     <span class='ocr_line' id='line_1_24' title="bbox 98 2803 535 2884; baseline 0.002 -21"><span class='ocrx_word' id='word_1_196' title='bbox 98 2812 200 2883; x_wconf 87' lang='lat' dir='ltr'><strong>spectu</strong></span> <span class='ocrx_word' id='word_1_197' title='bbox 223 2824 340 2884; x_wconf 80' lang='lat' dir='ltr'><strong>cpueqne</strong></span> <span class='ocrx_word' id='word_1_198' title='bbox 364 2803 535 2865; x_wconf 78' lang='lat' dir='ltr'><strong>inamabilis.</strong></span> 
     </span>
     <span class='ocr_line' id='line_1_25' title="bbox 160 2905 1394 2984; baseline 0.002 -19"><span class='ocrx_word' id='word_1_199' title='bbox 160 2928 271 2968; x_wconf 78' lang='lat' dir='ltr'><strong>evena.</strong></span> <span class='ocrx_word' id='word_1_200' title='bbox 309 2908 344 2965; x_wconf 82' lang='lat' dir='ltr'><strong>tt</strong></span> <span class='ocrx_word' id='word_1_201' title='bbox 367 2915 434 2967; x_wconf 89' lang='lat' dir='ltr'><strong>snut</strong></span> <span class='ocrx_word' id='word_1_202' title='bbox 457 2907 506 2984; x_wconf 89' lang='lat' dir='ltr'><strong>qni</strong></span> <span class='ocrx_word' id='word_1_203' title='bbox 522 2907 650 2966; x_wconf 89' lang='lat' dir='ltr'><strong>numinis</strong></span> <span class='ocrx_word' id='word_1_204' title='bbox 665 2906 731 2966; x_wconf 89' lang='lat' dir='ltr'><strong>loeo</strong></span> <span class='ocrx_word' id='word_1_205' title='bbox 747 2907 858 2975; x_wconf 92' lang='lat' dir='ltr'><strong>colent,</strong></span> <span class='ocrx_word' id='word_1_206' title='bbox 882 2908 906 2966; x_wconf 90' lang='lat' dir='ltr'><strong>si</strong></span> <span class='ocrx_word' id='word_1_207' title='bbox 922 2905 1006 2966; x_wconf 90' lang='lat' dir='ltr'><strong>liceat</strong></span> <span class='ocrx_word' id='word_1_208' title='bbox 1021 2906 1163 2966; x_wconf 86' lang='lat' dir='ltr'><strong>accedere</strong></span> <span class='ocrx_word' id='word_1_209' title='bbox 1179 2926 1232 2984; x_wconf 89' lang='lat' dir='ltr'><strong>per·</strong></span> <span class='ocrx_word' id='word_1_210' title='bbox 1247 2915 1284 2967; x_wconf 89' lang='lat' dir='ltr'><strong>tc.</strong></span> <span class='ocrx_word' id='word_1_211' title='bbox 1302 2908 1309 2978; x_wconf 87' lang='lat' dir='ltr'><strong>l</strong></span> <span class='ocrx_word' id='word_1_212' title='bbox 1326 2907 1394 2984; x_wconf 51' lang='lat' dir='ltr'><strong>iffi}</strong></span> 
     </span>
     <span class='ocr_line' id='line_1_26' title="bbox 62 3005 1393 3088; baseline 0.005 -25"><span class='ocrx_word' id='word_1_213' title='bbox 62 3025 89 3064; x_wconf 79' lang='lat' dir='ltr'><strong>aa</strong></span> <span class='ocrx_word' id='word_1_214' title='bbox 162 3026 335 3069; x_wconf 70' lang='lat' dir='ltr'><strong>nvrrmus.</strong></span> <span class='ocrx_word' id='word_1_215' title='bbox 374 3007 424 3069; x_wconf 79' lang='lat' dir='ltr'><strong>Nae</strong></span> <span class='ocrx_word' id='word_1_216' title='bbox 443 3005 485 3066; x_wconf 88' lang='lat' dir='ltr'><strong>illi</strong></span> <span class='ocrx_word' id='word_1_217' title='bbox 508 3008 586 3068; x_wconf 81' lang='lat' dir='ltr'><strong>lrand</strong></span> <span class='ocrx_word' id='word_1_218' title='bbox 609 3016 679 3068; x_wconf 89' lang='lat' dir='ltr'><strong>snut</strong></span> <span class='ocrx_word' id='word_1_219' title='bbox 700 3008 784 3068; x_wconf 92' lang='lat' dir='ltr'><strong>liberi</strong></span> <span class='ocrx_word' id='word_1_220' title='bbox 807 3009 855 3086; x_wconf 85' lang='lat' dir='ltr'><strong>qui</strong></span> <span class='ocrx_word' id='word_1_221' title='bbox 878 3014 906 3067; x_wconf 91' lang='lat' dir='ltr'><strong>te</strong></span> <span class='ocrx_word' id='word_1_222' title='bbox 930 3008 1069 3075; x_wconf 87' lang='lat' dir='ltr'><strong>adorant,</strong></span> <span class='ocrx_word' id='word_1_223' title='bbox 1098 3007 1271 3084; x_wconf 80' lang='lat' dir='ltr'><strong>gloriosam,</strong></span> <span class='ocrx_word' id='word_1_224' title='bbox 1296 3011 1393 3088; x_wconf 90' lang='lat' dir='ltr'><strong>impu-</strong></span> 
     </span>
     <span class='ocr_line' id='line_1_27' title="bbox 98 3091 1389 3187; baseline 0.004 -20"><span class='ocrx_word' id='word_1_225' title='bbox 98 3091 230 3176; x_wconf 80' lang='lat' dir='ltr'><strong>dentem,</strong></span> <span class='ocrx_word' id='word_1_226' title='bbox 254 3117 449 3176; x_wconf 84' lang='lat' dir='ltr'><strong>stercoream,</strong></span> <span class='ocrx_word' id='word_1_227' title='bbox 472 3107 589 3186; x_wconf 84' lang='lat' dir='ltr'><strong>plenam</strong></span> <span class='ocrx_word' id='word_1_228' title='bbox 613 3110 734 3187; x_wconf 89' lang='lat' dir='ltr'><strong>periurii</strong></span> <span class='ocrx_word' id='word_1_229' title='bbox 758 3117 783 3168; x_wconf 84' lang='lat' dir='ltr'><strong>el</strong></span> <span class='ocrx_word' id='word_1_230' title='bbox 806 3108 943 3178; x_wconf 86' lang='lat' dir='ltr'><strong>sceleris,</strong></span> <span class='ocrx_word' id='word_1_231' title='bbox 967 3116 1055 3187; x_wconf 87' lang='lat' dir='ltr'><strong>atque</strong></span> <span class='ocrx_word' id='word_1_232' title='bbox 1076 3110 1193 3169; x_wconf 86' lang='lat' dir='ltr'><strong>iuterim</strong></span> <span class='ocrx_word' id='word_1_233' title='bbox 1216 3118 1313 3171; x_wconf 79' lang='lat' dir='ltr'><strong>tanuen</strong></span> <span class='ocrx_word' id='word_1_234' title='bbox 1329 3130 1389 3172; x_wconf 81' lang='lat' dir='ltr'><strong>trra-</strong></span> 
     </span>
     <span class='ocr_line' id='line_1_28' title="bbox 98 3209 1459 3290; baseline -0.001 -21"><span class='ocrx_word' id='word_1_235' title='bbox 98 3211 202 3286; x_wconf 81' lang='lat' dir='ltr'><strong>gnifice</strong></span> <span class='ocrx_word' id='word_1_236' title='bbox 224 3209 432 3287; x_wconf 68' lang='lat' dir='ltr'><strong>predicantem</strong></span> <span class='ocrx_word' id='word_1_237' title='bbox 455 3229 520 3271; x_wconf 88' lang='lat' dir='ltr'><strong>sese</strong></span> <span class='ocrx_word' id='word_1_238' title='bbox 543 3231 578 3271; x_wconf 91' lang='lat' dir='ltr'><strong>ac</strong></span> <span class='ocrx_word' id='word_1_239' title='bbox 601 3210 687 3279; x_wconf 90' lang='lat' dir='ltr'><strong>ollas,</strong></span> <span class='ocrx_word' id='word_1_240' title='bbox 712 3211 792 3289; x_wconf 76' lang='lat' dir='ltr'><strong>quaed</strong></span> <span class='ocrx_word' id='word_1_241' title='bbox 815 3212 928 3279; x_wconf 78' lang='lat' dir='ltr'><strong>feriant,</strong></span> <span class='ocrx_word' id='word_1_242' title='bbox 957 3217 1160 3271; x_wconf 78' lang='lat' dir='ltr'><strong>ostentantem.</strong></span> <span class='ocrx_word' id='word_1_243' title='bbox 1206 3212 1313 3290; x_wconf 78' lang='lat' dir='ltr'><strong>decipe</strong></span> <span class='ocrx_word' id='word_1_244' title='bbox 1336 3214 1459 3276; x_wconf 74' lang='lat' dir='ltr'><strong>duero.</strong></span> 
     </span>
     <span class='ocr_line' id='line_1_29' title="bbox 97 3310 1392 3397; baseline 0 -27"><span class='ocrx_word' id='word_1_245' title='bbox 97 3311 217 3389; x_wconf 82' lang='lat' dir='ltr'><strong>plicatas</strong></span> <span class='ocrx_word' id='word_1_246' title='bbox 239 3310 353 3390; x_wconf 78' lang='lat' dir='ltr'><strong>plagas,</strong></span> <span class='ocrx_word' id='word_1_247' title='bbox 386 3319 475 3391; x_wconf 87' lang='lat' dir='ltr'><strong>atque</strong></span> <span class='ocrx_word' id='word_1_248' title='bbox 497 3314 605 3373; x_wconf 85' lang='lat' dir='ltr'><strong>iterum</strong></span> <span class='ocrx_word' id='word_1_249' title='bbox 630 3311 715 3372; x_wconf 85' lang='lat' dir='ltr'><strong>alias:</strong></span> <span class='ocrx_word' id='word_1_250' title='bbox 746 3313 788 3372; x_wconf 90' lang='lat' dir='ltr'><strong>sic</strong></span> <span class='ocrx_word' id='word_1_251' title='bbox 815 3320 941 3372; x_wconf 87' lang='lat' dir='ltr'><strong>tractare</strong></span> <span class='ocrx_word' id='word_1_252' title='bbox 970 3313 1055 3373; x_wconf 89' lang='lat' dir='ltr'><strong>decet</strong></span> <span class='ocrx_word' id='word_1_253' title='bbox 1077 3312 1209 3373; x_wconf 83' lang='lat' dir='ltr'><strong>Romana</strong></span> <span class='ocrx_word' id='word_1_254' title='bbox 1232 3326 1239 3397; x_wconf 75' lang='grc'>1</span> <span class='ocrx_word' id='word_1_255' title='bbox 1262 3310 1392 3388; x_wconf 47' lang='lat' dir='ltr'><strong>lgm*</strong></span> 
     </span>
     <span class='ocr_line' id='line_1_30' title="bbox 97 3412 291 3473; baseline -0.005 -1"><span class='ocrx_word' id='word_1_256' title='bbox 97 3412 291 3473; x_wconf 88' lang='lat' dir='ltr'><strong>delinimenta.</strong></span> 
     </span>
     <span class='ocr_line' id='line_1_31' title="bbox 62 3513 1392 3593; baseline 0.002 -20"><span class='ocrx_word' id='word_1_257' title='bbox 62 3534 89 3573; x_wconf 86' lang='lat' dir='ltr'><strong>ao</strong></span> <span class='ocrx_word' id='word_1_258' title='bbox 160 3534 270 3576; x_wconf 81' lang='lat' dir='ltr'><strong>sunan.</strong></span> <span class='ocrx_word' id='word_1_259' title='bbox 309 3514 338 3574; x_wconf 91' lang='lat' dir='ltr'><strong>Si</strong></span> <span class='ocrx_word' id='word_1_260' title='bbox 362 3533 410 3574; x_wconf 92' lang='lat' dir='ltr'><strong>me</strong></span> <span class='ocrx_word' id='word_1_261' title='bbox 432 3533 589 3593; x_wconf 87' lang='lat' dir='ltr'><strong>recepero,</strong></span> <span class='ocrx_word' id='word_1_262' title='bbox 621 3521 653 3575; x_wconf 90' lang='lat' dir='ltr'><strong>ut</strong></span> <span class='ocrx_word' id='word_1_263' title='bbox 680 3517 710 3575; x_wconf 92' lang='lat' dir='ltr'><strong>iu</strong></span> <span class='ocrx_word' id='word_1_264' title='bbox 739 3515 841 3575; x_wconf 84' lang='lat' dir='ltr'><strong>laciem</strong></span> <span class='ocrx_word' id='word_1_265' title='bbox 872 3513 922 3574; x_wconf 88' lang='lat' dir='ltr'><strong>tibi</strong></span> <span class='ocrx_word' id='word_1_266' title='bbox 951 3516 1033 3574; x_wconf 78' lang='lat' dir='ltr'><strong>leros</strong></span> <span class='ocrx_word' id='word_1_267' title='bbox 1064 3517 1211 3575; x_wconf 82' lang='lat' dir='ltr'><strong>resistam!</strong></span> <span class='ocrx_word' id='word_1_268' title='bbox 1245 3515 1315 3593; x_wconf 87' lang='lat' dir='ltr'><strong>qnid</strong></span> <span class='ocrx_word' id='word_1_269' title='bbox 1345 3534 1392 3575; x_wconf 82' lang='lat' dir='ltr'><strong>nte</strong></span> 
     </span>
     <span class='ocr_line' id='line_1_32' title="bbox 96 3608 1391 3695; baseline 0 -21"><span class='ocrx_word' id='word_1_270' title='bbox 96 3608 198 3685; x_wconf 69' lang='lat' dir='ltr'><strong>caedis,</strong></span> <span class='ocrx_word' id='word_1_271' title='bbox 222 3614 466 3676; x_wconf 70' lang='lat' dir='ltr'><strong>imbecillissima?</strong></span> <span class='ocrx_word' id='word_1_272' title='bbox 488 3617 561 3695; x_wconf 82' lang='lat' dir='ltr'><strong>quid</strong></span> <span class='ocrx_word' id='word_1_273' title='bbox 581 3616 706 3694; x_wconf 88' lang='lat' dir='ltr'><strong>putabas</strong></span> <span class='ocrx_word' id='word_1_274' title='bbox 729 3616 930 3676; x_wconf 83' lang='lat' dir='ltr'><strong>iudcleusaml</strong></span> <span class='ocrx_word' id='word_1_275' title='bbox 953 3618 1071 3682; x_wconf 87' lang='lat' dir='ltr'><strong>errasti,</strong></span> <span class='ocrx_word' id='word_1_276' title='bbox 1094 3614 1263 3675; x_wconf 80' lang='lat' dir='ltr'><strong>masculam·</strong></span> <span class='ocrx_word' id='word_1_277' title='bbox 1277 3614 1391 3675; x_wconf 83' lang='lat' dir='ltr'><strong>bullam</strong></span> 
     </span>
     <span class='ocr_line' id='line_1_33' title="bbox 97 3717 746 3795; baseline 0 -20"><span class='ocrx_word' id='word_1_278' title='bbox 97 3718 273 3795; x_wconf 84' lang='lat' dir='ltr'><strong>experieris;</strong></span> <span class='ocrx_word' id='word_1_279' title='bbox 297 3718 365 3795; x_wconf 85' lang='lat' dir='ltr'><strong>quid</strong></span> <span class='ocrx_word' id='word_1_280' title='bbox 389 3736 437 3778; x_wconf 93' lang='lat' dir='ltr'><strong>me</strong></span> <span class='ocrx_word' id='word_1_281' title='bbox 460 3718 565 3778; x_wconf 73' lang='lat' dir='ltr'><strong>caedis?</strong></span> <span class='ocrx_word' id='word_1_282' title='bbox 587 3719 656 3778; x_wconf 90' lang='lat' dir='ltr'><strong>hem</strong></span> <span class='ocrx_word' id='word_1_283' title='bbox 679 3717 746 3776; x_wconf 82' lang='lat' dir='ltr'><strong>ubit</strong></span> 
     </span>
     <span class='ocr_line' id='line_1_34' title="bbox 160 3816 1390 3898; baseline -0.001 -20"><span class='ocrx_word' id='word_1_284' title='bbox 160 3840 334 3880; x_wconf 82' lang='lat' dir='ltr'><strong>svrrsuvs.</strong></span> <span class='ocrx_word' id='word_1_285' title='bbox 373 3821 435 3880; x_wconf 88' lang='lat' dir='ltr'><strong>lloe</strong></span> <span class='ocrx_word' id='word_1_286' title='bbox 459 3818 530 3879; x_wconf 92' lang='lat' dir='ltr'><strong>illud</strong></span> <span class='ocrx_word' id='word_1_287' title='bbox 554 3820 697 3898; x_wconf 86' lang='lat' dir='ltr'><strong>estquod</strong></span> <span class='ocrx_word' id='word_1_288' title='bbox 722 3819 813 3888; x_wconf 74' lang='lat' dir='ltr'><strong>solui,</strong></span> <span class='ocrx_word' id='word_1_289' title='bbox 844 3828 945 3878; x_wconf 88' lang='lat' dir='ltr'><strong>centra</strong></span> <span class='ocrx_word' id='word_1_290' title='bbox 969 3818 1118 3879; x_wconf 87' lang='lat' dir='ltr'><strong>stinurlnm</strong></span> <span class='ocrx_word' id='word_1_291' title='bbox 1141 3816 1329 3878; x_wconf 88' lang='lat' dir='ltr'><strong>recalcitrare</strong></span> <span class='ocrx_word' id='word_1_292' title='bbox 1353 3824 1390 3887; x_wconf 89' lang='lat' dir='ltr'><strong>te,</strong></span> 
     </span>
     <span class='ocr_line' id='line_1_35' title="bbox 96 3919 1391 3999; baseline 0.002 -22"><span class='ocrx_word' id='word_1_293' title='bbox 96 3939 133 3979; x_wconf 89' lang='lat' dir='ltr'><strong>ue</strong></span> <span class='ocrx_word' id='word_1_294' title='bbox 155 3921 336 3981; x_wconf 79' lang='lat' dir='ltr'><strong>indefensam</strong></span> <span class='ocrx_word' id='word_1_295' title='bbox 359 3922 479 3981; x_wconf 89' lang='lat' dir='ltr'><strong>omniun</strong></span> <span class='ocrx_word' id='word_1_296' title='bbox 501 3922 672 3997; x_wconf 64' lang='lat' dir='ltr'><strong>perderem</strong></span> <span class='ocrx_word' id='word_1_297' title='bbox 697 3922 788 3980; x_wconf 88' lang='lat' dir='ltr'><strong>leroci</strong></span> <span class='ocrx_word' id='word_1_298' title='bbox 811 3939 985 3999; x_wconf 84' lang='lat' dir='ltr'><strong>parumper,</strong></span> <span class='ocrx_word' id='word_1_299' title='bbox 1009 3921 1079 3980; x_wconf 84' lang='lat' dir='ltr'><strong>cium</strong></span> <span class='ocrx_word' id='word_1_300' title='bbox 1102 3928 1132 3979; x_wconf 93' lang='lat' dir='ltr'><strong>te</strong></span> <span class='ocrx_word' id='word_1_301' title='bbox 1154 3921 1253 3979; x_wconf 84' lang='lat' dir='ltr'><strong>mitem</strong></span> <span class='ocrx_word' id='word_1_302' title='bbox 1270 3919 1391 3979; x_wconf 89' lang='lat' dir='ltr'><strong>reddam</strong></span> 
     </span>
     <span class='ocr_line' id='line_1_36' title="bbox 61 4021 1392 4099; baseline 0 -17"><span class='ocrx_word' id='word_1_303' title='bbox 61 4021 266 4099; x_wconf 73' lang='lat' dir='ltr'><strong>aspaulepost;</strong></span> <span class='ocrx_word' id='word_1_304' title='bbox 295 4029 377 4090; x_wconf 91' lang='lat' dir='ltr'><strong>tene,</strong></span> <span class='ocrx_word' id='word_1_305' title='bbox 406 4021 535 4082; x_wconf 89' lang='lat' dir='ltr'><strong>mascula</strong></span> <span class='ocrx_word' id='word_1_306' title='bbox 558 4021 657 4092; x_wconf 77' lang='lat' dir='ltr'><strong>llulla,</strong></span> <span class='ocrx_word' id='word_1_307' title='bbox 687 4029 769 4092; x_wconf 89' lang='lat' dir='ltr'><strong>tone,</strong></span> <span class='ocrx_word' id='word_1_308' title='bbox 802 4023 908 4083; x_wconf 88' lang='lat' dir='ltr'><strong>Leonis</strong></span> <span class='ocrx_word' id='word_1_309' title='bbox 937 4022 1010 4090; x_wconf 90' lang='lat' dir='ltr'><strong>lilia,</strong></span> <span class='ocrx_word' id='word_1_310' title='bbox 1047 4023 1134 4081; x_wconf 86' lang='lat' dir='ltr'><strong>etiam</strong></span> <span class='ocrx_word' id='word_1_311' title='bbox 1162 4021 1254 4088; x_wconf 84' lang='lat' dir='ltr'><strong>barro,</strong></span> <span class='ocrx_word' id='word_1_312' title='bbox 1284 4022 1392 4082; x_wconf 90' lang='lat' dir='ltr'><strong>summi</strong></span> 
     </span>
    </p>
   </div>
   <div class='ocr_carea' id='block_1_3' title="bbox 94 4122 731 4201">
    <p class='ocr_par' dir='ltr' id='par_1_3' title="bbox 94 4122 731 4201">
     <span class='ocr_line' id='line_1_37' title="bbox 94 4122 731 4201; baseline 0.002 -20"><span class='ocrx_word' id='word_1_313' title='bbox 94 4122 244 4184; x_wconf 84' lang='lat' dir='ltr'><strong>Pontificis</strong></span> <span class='ocrx_word' id='word_1_314' title='bbox 265 4129 417 4192; x_wconf 85' lang='lat' dir='ltr'><strong>ereatura,</strong></span> <span class='ocrx_word' id='word_1_315' title='bbox 440 4126 482 4184; x_wconf 87' lang='lat' dir='ltr'><strong>sic</strong></span> <span class='ocrx_word' id='word_1_316' title='bbox 504 4133 653 4201; x_wconf 80' lang='lat' dir='ltr'><strong>pugnatur</strong></span> <span class='ocrx_word' id='word_1_317' title='bbox 676 4123 731 4184; x_wconf 90' lang='lat' dir='ltr'><strong>bie.</strong></span> 
     </span>
    </p>
   </div>
   <div class='ocr_carea' id='block_1_4' title="bbox 91 4290 1389 4856">
    <p class='ocr_par' dir='ltr' id='par_1_4' title="bbox 91 4290 1389 4780">
     <span class='ocr_line' id='line_1_38' title="bbox 161 4290 1387 4358; baseline -0.002 -16"><span class='ocrx_word' id='word_1_318' title='bbox 161 4293 171 4322; x_wconf 71' lang='lat'><strong>’³</strong></span> <span class='ocrx_word' id='word_1_319' title='bbox 183 4291 472 4354; x_wconf 68' lang='lat' dir='ltr'><strong>praestatutam.</strong></span> <span class='ocrx_word' id='word_1_320' title='bbox 487 4291 530 4355; x_wconf 86' lang='lat' dir='ltr'><strong>(ex</strong></span> <span class='ocrx_word' id='word_1_321' title='bbox 544 4293 645 4356; x_wconf 80' lang='lat' dir='ltr'><strong>menn).</strong></span> <span class='ocrx_word' id='word_1_322' title='bbox 683 4291 704 4324; x_wconf 79' lang='lat'><strong>¹²</strong></span> <span class='ocrx_word' id='word_1_323' title='bbox 717 4294 762 4358; x_wconf 91' lang='lat' dir='ltr'><strong>qui</strong></span> <span class='ocrx_word' id='word_1_324' title='bbox 777 4293 822 4357; x_wconf 92' lang='lat' dir='ltr'><strong>qui</strong></span> <span class='ocrx_word' id='word_1_325' title='bbox 834 4296 925 4343; x_wconf 79' lang='lat' dir='ltr'><strong>emisso</strong></span> <span class='ocrx_word' id='word_1_326' title='bbox 939 4293 985 4358; x_wconf 90' lang='lat' dir='ltr'><strong>qui</strong></span> <span class='ocrx_word' id='word_1_327' title='bbox 998 4294 1187 4343; x_wconf 76' lang='lat' dir='ltr'><strong>arrteLeonem</strong></span> <span class='ocrx_word' id='word_1_328' title='bbox 1199 4295 1222 4340; x_wconf 86' lang='lat'><strong>1.</strong></span> <span class='ocrx_word' id='word_1_329' title='bbox 1260 4290 1281 4322; x_wconf 86' lang='lat'><strong>¹³</strong></span> <span class='ocrx_word' id='word_1_330' title='bbox 1294 4290 1387 4342; x_wconf 84' lang='lat' dir='ltr'><strong>Plaut.</strong></span> 
     </span>
     <span class='ocr_line' id='line_1_39' title="bbox 94 4364 1387 4443; baseline 0 -18"><span class='ocrx_word' id='word_1_331' title='bbox 94 4375 175 4441; x_wconf 85' lang='lat' dir='ltr'><strong>Capt.</strong></span> <span class='ocrx_word' id='word_1_332' title='bbox 189 4377 240 4426; x_wconf 65' lang='lat'><em>1112</em></span> <span class='ocrx_word' id='word_1_333' title='bbox 253 4377 278 4438; x_wconf 82' lang='lat'><strong>4,</strong></span> <span class='ocrx_word' id='word_1_334' title='bbox 292 4386 326 4426; x_wconf 78' lang='lat' dir='ltr'><strong>tt.</strong></span> <span class='ocrx_word' id='word_1_335' title='bbox 346 4379 451 4428; x_wconf 84' lang='lat' dir='ltr'><strong>Bacch.</strong></span> <span class='ocrx_word' id='word_1_336' title='bbox 464 4379 497 4427; x_wconf 89' lang='lat' dir='ltr'><strong>V.</strong></span> <span class='ocrx_word' id='word_1_337' title='bbox 513 4377 535 4426; x_wconf 92' lang='lat' dir='ltr'><strong>l.</strong></span> <span class='ocrx_word' id='word_1_338' title='bbox 549 4387 569 4429; x_wconf 83' lang='lat' dir='ltr'><strong>t.</strong></span> <span class='ocrx_word' id='word_1_339' title='bbox 639 4375 660 4409; x_wconf 82' lang='lat'><strong>²⁸</strong></span> <span class='ocrx_word' id='word_1_340' title='bbox 679 4377 757 4427; x_wconf 88' lang='lat' dir='ltr'><strong>Ollas</strong></span> <span class='ocrx_word' id='word_1_341' title='bbox 776 4384 930 4439; x_wconf 83' lang='lat' dir='ltr'><strong>ostentare,</strong></span> <span class='ocrx_word' id='word_1_342' title='bbox 951 4369 1056 4443; x_wconf 79' lang='grc' dir='ltr'><em>χύτρας</em></span> <span class='ocrx_word' id='word_1_343' title='bbox 1075 4364 1311 4437; x_wconf 69' lang='grc' dir='ltr'><strong><em>ἐπιδείκνυσθαι,</em></strong></span> <span class='ocrx_word' id='word_1_344' title='bbox 1332 4377 1349 4425; x_wconf 94' lang='lat' dir='ltr'><strong>i.</strong></span> <span class='ocrx_word' id='word_1_345' title='bbox 1364 4392 1387 4426; x_wconf 87' lang='lat' dir='ltr'><strong>e.</strong></span> 
     </span>
     <span class='ocr_line' id='line_1_40' title="bbox 93 4459 1388 4528; baseline -0.002 -18"><span class='ocrx_word' id='word_1_346' title='bbox 93 4461 196 4511; x_wconf 86' lang='lat' dir='ltr'><strong>nullius</strong></span> <span class='ocrx_word' id='word_1_347' title='bbox 213 4463 297 4527; x_wconf 86' lang='lat' dir='ltr'><strong>pretii</strong></span> <span class='ocrx_word' id='word_1_348' title='bbox 315 4469 364 4512; x_wconf 85' lang='lat' dir='ltr'><strong>eut</strong></span> <span class='ocrx_word' id='word_1_349' title='bbox 382 4463 515 4512; x_wconf 85' lang='lat' dir='ltr'><strong>ridiculas</strong></span> <span class='ocrx_word' id='word_1_350' title='bbox 534 4478 578 4512; x_wconf 89' lang='lat' dir='ltr'><strong>res</strong></span> <span class='ocrx_word' id='word_1_351' title='bbox 596 4468 728 4526; x_wconf 83' lang='lat' dir='ltr'><strong>tanquam</strong></span> <span class='ocrx_word' id='word_1_352' title='bbox 754 4478 853 4528; x_wconf 83' lang='lat' dir='ltr'><strong>graves</strong></span> <span class='ocrx_word' id='word_1_353' title='bbox 875 4468 1008 4511; x_wconf 82' lang='lat' dir='ltr'><strong>tractare.</strong></span> <span class='ocrx_word' id='word_1_354' title='bbox 1033 4460 1231 4511; x_wconf 78' lang='lat' dir='ltr'><strong>Cf.l’lutnrcl1.</strong></span> <span class='ocrx_word' id='word_1_355' title='bbox 1249 4460 1282 4508; x_wconf 87' lang='lat' dir='ltr'><strong>de</strong></span> <span class='ocrx_word' id='word_1_356' title='bbox 1302 4459 1388 4508; x_wconf 82' lang='lat' dir='ltr'><strong>audit.</strong></span> 
     </span>
     <span class='ocr_line' id='line_1_41' title="bbox 94 4537 1388 4613; baseline -0.002 -19"><span class='ocrx_word' id='word_1_357' title='bbox 94 4545 137 4594; x_wconf 90' lang='lat' dir='ltr'><strong>ed.</strong></span> <span class='ocrx_word' id='word_1_358' title='bbox 151 4545 245 4594; x_wconf 83' lang='lat' dir='ltr'><strong>Rcislr.</strong></span> <span class='ocrx_word' id='word_1_359' title='bbox 264 4546 312 4598; x_wconf 81' lang='lat' dir='ltr'><strong>VI.</strong></span> <span class='ocrx_word' id='word_1_360' title='bbox 325 4563 352 4613; x_wconf 87' lang='lat' dir='ltr'><strong>p.</strong></span> <span class='ocrx_word' id='word_1_361' title='bbox 369 4546 425 4596; x_wconf 77' lang='grc'>162.</span> <span class='ocrx_word' id='word_1_362' title='bbox 495 4545 518 4578; x_wconf 74' lang='lat'><strong>²⁵</strong></span> <span class='ocrx_word' id='word_1_363' title='bbox 535 4547 626 4596; x_wconf 82' lang='lat' dir='ltr'><strong>Plaut.</strong></span> <span class='ocrx_word' id='word_1_364' title='bbox 642 4546 716 4595; x_wconf 86' lang='lat' dir='ltr'><strong>Gler.</strong></span> <span class='ocrx_word' id='word_1_365' title='bbox 731 4547 766 4596; x_wconf 93' lang='lat' dir='ltr'><strong>ll.</strong></span> <span class='ocrx_word' id='word_1_366' title='bbox 783 4548 804 4609; x_wconf 89' lang='lat' dir='ltr'><strong>l,</strong></span> <span class='ocrx_word' id='word_1_367' title='bbox 820 4556 852 4596; x_wconf 85' lang='lat' dir='ltr'><strong>tt.</strong></span> <span class='ocrx_word' id='word_1_368' title='bbox 866 4563 906 4611; x_wconf 88' lang='lat' dir='ltr'><strong>sq.</strong></span> <span class='ocrx_word' id='word_1_369' title='bbox 960 4545 981 4577; x_wconf 82' lang='lat'><strong>³³</strong></span> <span class='ocrx_word' id='word_1_370' title='bbox 1001 4546 1081 4594; x_wconf 86' lang='lat' dir='ltr'><strong>Cont.</strong></span> <span class='ocrx_word' id='word_1_371' title='bbox 1096 4552 1130 4593; x_wconf 86' lang='lat' dir='ltr'><strong>st.</strong></span> <span class='ocrx_word' id='word_1_372' title='bbox 1144 4542 1210 4609; x_wconf 80' lang='lat' dir='ltr'><strong>ree}</strong></span> <span class='ocrx_word' id='word_1_373' title='bbox 1231 4538 1308 4607; x_wconf 81' lang='grc' dir='ltr'><strong><em>Πρὸς</em></strong></span> <span class='ocrx_word' id='word_1_374' title='bbox 1326 4537 1388 4592; x_wconf 75' lang='lat' dir='ltr'><strong>se&#39;v·</strong></span> 
     </span>
     <span class='ocr_line' id='line_1_42' title="bbox 92 4625 1389 4695; baseline -0.002 -17"><span class='ocrx_word' id='word_1_375' title='bbox 92 4645 145 4692; x_wconf 80' lang='grc' dir='ltr'><strong>τρα</strong></span> <span class='ocrx_word' id='word_1_376' title='bbox 164 4628 317 4691; x_wconf 78' lang='grc' dir='ltr'><strong><em>λακτίζειν.</em></strong></span> <span class='ocrx_word' id='word_1_377' title='bbox 335 4631 437 4695; x_wconf 86' lang='lat' dir='ltr'><strong>Zenob.</strong></span> <span class='ocrx_word' id='word_1_378' title='bbox 451 4631 483 4681; x_wconf 91' lang='lat' dir='ltr'><strong>V.</strong></span> <span class='ocrx_word' id='word_1_379' title='bbox 497 4630 586 4680; x_wconf 77' lang='lat' dir='ltr'><strong>tort</strong></span> <span class='ocrx_word' id='word_1_380' title='bbox 601 4638 648 4681; x_wconf 78' lang='lat' dir='ltr'><strong>etc.</strong></span> <span class='ocrx_word' id='word_1_381' title='bbox 662 4631 711 4680; x_wconf 82' lang='lat' dir='ltr'><strong>secl</strong></span> <span class='ocrx_word' id='word_1_382' title='bbox 725 4636 753 4680; x_wconf 88' lang='lat' dir='ltr'><strong>et</strong></span> <span class='ocrx_word' id='word_1_383' title='bbox 764 4633 826 4680; x_wconf 77' lang='lat' dir='ltr'><strong>Act.</strong></span> <span class='ocrx_word' id='word_1_384' title='bbox 840 4632 886 4680; x_wconf 84' lang='lat' dir='ltr'><strong>lx.</strong></span> <span class='ocrx_word' id='word_1_385' title='bbox 900 4632 924 4680; x_wconf 81' lang='grc'><strong>5.</strong></span> <span class='ocrx_word' id='word_1_386' title='bbox 944 4631 1016 4680; x_wconf 82' lang='lat' dir='ltr'><strong>XVI.</strong></span> <span class='ocrx_word' id='word_1_387' title='bbox 1033 4630 1071 4678; x_wconf 82' lang='grc'><strong>11.</strong></span> <span class='ocrx_word' id='word_1_388' title='bbox 1115 4632 1138 4689; x_wconf 68' lang='lat'><strong>§-</strong></span> <span class='ocrx_word' id='word_1_389' title='bbox 1152 4625 1204 4691; x_wconf 75' lang='lat' dir='ltr'><strong>att]</strong></span> <span class='ocrx_word' id='word_1_390' title='bbox 1218 4629 1287 4677; x_wconf 79' lang='lat' dir='ltr'><strong>liter</strong></span> <span class='ocrx_word' id='word_1_391' title='bbox 1298 4635 1389 4691; x_wconf 79' lang='lat' dir='ltr'><strong>reparet</strong></span> 
     </span>
     <span class='ocr_line' id='line_1_43' title="bbox 91 4715 1161 4780; baseline 0.002 -18"><span class='ocrx_word' id='word_1_392' title='bbox 91 4730 120 4763; x_wconf 82' lang='lat' dir='ltr'><strong>es</strong></span> <span class='ocrx_word' id='word_1_393' title='bbox 133 4715 335 4780; x_wconf 78' lang='lat' dir='ltr'><strong>Prdpebuppeu.</strong></span> <span class='ocrx_word' id='word_1_394' title='bbox 1157 4736 1161 4742; x_wconf 93' lang='lat'>·</span> 
     </span>
    </p>

    <p class='ocr_par' dir='ltr' id='par_1_5' title="bbox 159 4798 1159 4856">
     <span class='ocr_line' id='line_1_44' title="bbox 159 4798 1159 4856; baseline -0.001 -9"><span class='ocrx_word' id='word_1_395' title='bbox 159 4798 290 4849; x_wconf 79' lang='lat' dir='ltr'><strong>llvrrsur</strong></span> <span class='ocrx_word' id='word_1_396' title='bbox 310 4800 378 4850; x_wconf 80' lang='lat' dir='ltr'><strong>Ora.</strong></span> <span class='ocrx_word' id='word_1_397' title='bbox 399 4816 461 4850; x_wconf 85' lang='lat' dir='ltr'><strong>vor..</strong></span> <span class='ocrx_word' id='word_1_398' title='bbox 482 4801 547 4848; x_wconf 91' lang='lat' dir='ltr'><strong>llll.</strong></span> <span class='ocrx_word' id='word_1_399' title='bbox 1125 4798 1159 4856; x_wconf 77' lang='grc'><strong>21</strong></span> 
     </span>
    </p>
   </div>
   <div class='ocr_carea' id='block_1_5' title="bbox 0 0 1642 5414">
    <p class='ocr_par' dir='ltr' id='par_1_6' title="bbox 0 0 1642 5414">
     <span class='ocr_line' id='line_1_45' title="bbox 0 0 1642 5414; baseline 0 3"><span class='ocrx_word' id='word_1_400' title='bbox 0 0 1642 5414; x_wconf 95' lang='lat' dir='ltr'><strong> </strong></span> 
     </span>
    </p>
   </div>
  </div>
 </body>
</html>
