3276 5414
199 345 272 416 590
639 371 756 408 DIALOGI
775 372 1053 409 rstvnonvrrtrrttct.

97 568 100 575 ·
197 534 276 592 nohis
299 534 459 589 traditiones
481 531 643 594 diabolicas,
666 548 742 587 mera
761 533 879 594 somnia,
902 549 990 587 meras
1013 531 1222 587 fabulationes
1246 539 1276 586 et
1302 532 1489 604 superstitiosas

197 620 386 693 unnsquisque
414 619 486 697 iuxta
516 635 625 674 sensum
654 635 747 679 suurn,
776 615 902 690 neglecto
931 616 1047 672 salutari
1078 616 1197 672 Christi
1230 615 1392 688 Evangelio.
1431 636 1489 690 qna

198 714 271 762 recte
293 705 409 760 iecerint
430 703 510 777 prohi
532 703 694 765 Christiani,
724 704 747 758 si
771 721 800 758 sc
823 703 1023 776 quamprimum
1050 701 1085 757 ab
1111 701 1177 757 illis
1202 703 1368 757 excutiant:
1400 712 1509 783 'epona'

197 793 269 847 enim
290 790 341 845 ilco
364 790 451 862 inagis
474 788 584 844 obedite
607 806 686 861 quam
709 787 881 849 hominihus',
904 804 993 860 ucqrie
1015 786 1074 842 ulla
1093 787 1272 843 ohedientia
1289 788 1491 861 quicquanultt

197 876 266 950 apud
289 875 368 931 deum
391 891 471 948 quam
495 890 555 946 quae
578 890 609 928 cx
632 873 681 929 hale
704 881 745 928 est
769 873 868 928 Christi
891 880 919 927 et
941 872 1106 945 Evangelio,
1137 873 1262 928 tametsi
1278 871 1371 928 multo
1387 873 1502 930 iamten:

197 977 264 1035 pore
286 960 358 1015 aliud
380 959 460 1015 nohis
488 959 656 1032 persuaserit
683 958 844 1031 superstitio
872 956 923 1012 suh
951 956 1085 1014 velamine
1118 956 1307 1031 religionis:
1343 975 1404 1030 quie
1430 968 1494 1014 nnn

197 1047 264 1102 atleo
287 1045 385 1117 religio
408 1062 463 1099 nou
485 1049 540 1105 est.
572 1052 602 1100 ut
632 1043 683 1098 nisi
713 1043 910 1116 quamprimum
939 1040 1086 1117 reguletnr
1108 1060 1148 1098 ex
1176 1042 1391 1098 traditionibus
1410 1044 1495 1105 Christi

198 1131 311 1186 maxima
334 1130 370 1184 sit
392 1130 474 1184 etiam
497 1129 635 1202 impietas,
660 1129 832 1201 pessimaque
855 1128 1015 1201 hypocrisis.

129 1216 190 1266 §.th
262 1215 355 1270 llirit
376 1213 590 1288 Pasquillus.
627 1212 876 1287 Pseudoprophetas
891 1213 970 1268 huius
986 1214 1142 1286 temporis,
1171 1213 1362 1273 Canonistae,
1386 1215 1429 1286 qui
1447 1232 1497 1287 pre

196 1301 287 1356 dicant
310 1317 416 1374 pacem,
448 1307 475 1354 et
497 1316 551 1354 utin
574 1306 616 1354 est
638 1316 703 1372 pax:
726 1299 772 1371 qui
796 1297 944 1371 illaqueant
966 1298 1161 1354 conscientias
1189 1298 1373 1372 simplicium
1402 1308 1427 1353 et
1451 1318 1515 1373 prou

196 1385 311 1442 trudunt
332 1385 365 1440 ad
388 1385 490 1440 interos
513 1384 615 1456 alisque
638 1382 695 1438 ullo
720 1384 850 1446 termino,
881 1384 983 1439 utinam
1011 1400 1163 1456 nunquam
1199 1383 1334 1439 luissent
1364 1385 1497 1439 seductore

198 1470 252 1538 illi,
274 1479 303 1525 et
324 1470 441 1525 demersi
463 1478 555 1525 essent
577 1470 604 1524 in
627 1468 791 1542 protundum
814 1468 918 1543 ahyssi,
941 1485 976 1524 ne
997 1468 1096 1523 amodo
1121 1468 1305 1525 scandalum
1330 1480 1497 1544 ponerentur

198 1554 291 1611 firmis.

129 1636 189 1688 Μ’·
263 1640 352 1695 Ilixit
375 1639 552 1695 Vadiscus⁴
591 1638 690 1695 Vellem
719 1638 783 1694 mihi
811 1639 933 1695 «licerent
960 1638 1059 1712 quise
1083 1639 1198 1695 iactant
1224 1657 1414 1696 successores
1434 1648 1457 1694 et
1474 1641 1499 1694 ri·

195 1726 284 1781 carios
305 1725 419 1787 Christi,
443 1725 506 1797 quial
529 1732 571 1780 est
594 1725 668 1798 quod
690 1724 727 1779 ait
741 1723 864 1779 Christus
888 1723 949 1779 ‘Vos
972 1732 1062 1779 autem
1085 1723 1183 1779 nolite
1210 1726 1315 1781 vocari
1333 1725 1425 1780 rahhi:
1445 1743 1516 1780 nnmzz

197 1819 248 1867 ‘est
270 1811 400 1883 magister
421 1818 523 1873 vester,
554 1826 648 1865 omues
677 1817 766 1865 antem
795 1826 843 1864 vos
871 1809 970 1864 iratres
992 1796 1080 1872 estis:¹
1104 1817 1135 1865 et
1161 1818 1285 1882 patrem
1311 1809 1404 1866 nolite
1425 1828 1500 1866 rorare

197 1896 282 1951 ‘vohis
305 1904 525 1970 superterram:
554 1912 623 1950 unus
653 1895 724 1950 enirn
751 1902 830 1968 pater
857 1903 947 1949 vester
976 1894 1021 1967 qui
1046 1894 1073 1948 in
1097 1894 1185 1950 caelis
1212 1905 1278 1958 est,
1312 1913 1367 1951 nec
1390 1897 1500 1951 roceum

196 1981 337 2054 magistri,
354 1981 418 2055 quia
432 1981 563 2054 magister
577 1987 667 2036 vester
682 1997 753 2035 unus
768 1987 810 2034 est
825 1978 967 2035 Christus.¹
1003 1979 1029 2033 Si
1046 1978 1100 2034 hoc
1117 1996 1225 2036 reruni
1242 1990 1307 2041 est,
1335 1982 1402 2055 quial
1419 1983 1500 2035 trustra

197 2066 343 2123 intlantur?
371 2066 436 2140 quid
465 2065 516 2121 sihi
545 2073 655 2121 sumunt
683 2063 874 2138 supercilium,
902 2071 932 2119 ut
954 2081 984 2120 se
1006 2063 1152 2138 patiantur
1179 2083 1242 2120 non
1271 2065 1415 2140 appellari
1437 2067 1500 2138 llige

196 2160 270 2207 stros
292 2151 420 2214 Nostros,
443 2151 490 2206 secl
513 2152 594 2207 etiam
616 2149 700 2205 vcliut
722 2149 847 2206 adorari?
869 2150 914 2204 ulii
938 2149 1008 2204 enim
1031 2149 1093 2222 quis
1116 2166 1171 2204 eos
1190 2150 1371 2223 neglexerit,
1395 2162 1422 2207 et
1442 2151 1519 2206 aelata

195 2236 371 2293 Mamocheus
386 2235 567 2310 perfidissimo
590 2237 673 2291 Antan
697 2234 816 2291 noluerit
838 2234 945 2290 flectere
960 2234 1106 2296 cervicem,
1130 2235 1241 2291 mirram
1259 2245 1311 2292 est
1328 2247 1458 2310 quantum
1472 2240 1500 2290 in·

196 2323 316 2384 saniant,
340 2321 477 2395 quomodo
502 2322 615 2383 luriunt,
640 2329 668 2376 ut
691 2320 771 2375 etiam
793 2337 894 2376 venena
917 2319 1054 2375 minentur
1075 2328 1104 2374 et
1119 2321 1254 2376 exitium.
1296 2322 1361 2377 lraec
1378 2326 1429 2377 iam
1451 2339 1500 2395 pro

196 2407 255 2480 pria
278 2405 387 2463 illorum
410 2406 521 2480 religio,
553 2407 611 2462 hace
633 2405 741 2461 illorum
758 2405 908 2467 sanctitas,
933 2413 963 2461 ut
985 2412 1119 2461 vocentur
1140 2405 1182 2460 ah
1205 2406 1386 2463 hominihus
1402 2411 1500 2463 sanctis·

199 2493 274 2553 simi,
296 2510 357 2548 cum
381 2492 453 2548 intus
476 2492 531 2547 sint
553 2492 610 2565 lupi
633 2508 752 2564 rapaces,

128 2572 187 2623 Μ’
261 2577 351 2633 Ilirit
372 2576 585 2650 Pasquillus.
623 2575 767 2633 Ecclesiam
789 2575 982 2632 destruxerunt
1003 2576 1073 2631 servi
1098 2574 1138 2629 illi
1163 2592 1326 2633 serrorum
1343 2578 1405 2639 alei,
1428 2579 1520 2633 ilonea

197 2663 286 2719 tiones
308 2662 493 2724 Constantini,
517 2672 545 2717 et
567 2661 678 2717 avaritia
699 2660 884 2736 praelatorum.

18 2780 23 2802 a
127 2749 188 2799 Μ.
260 2749 353 2803 llixit
375 2747 551 2803 l'adiscus.
589 2746 643 2802 ‘lle'
665 2746 756 2802 Itomae
785 2746 893 2802 'civitati
922 2724 1099 2819 sanguinum,
1129 2744 1196 2802 ollae
1227 2748 1319 2802 euius
1351 2749 1452 2822 ruhigo
1480 2752 1500 2802 ir

196 2841 235 2889 'ea
251 2833 315 2896 est';
339 2833 437 2889 'veniet
452 2849 534 2906 super
549 2841 577 2888 te
599 2831 745 2888 multitudo
761 2831 939 2906 populorum,
963 2833 1094 2887 instructa
1108 2829 1214 2904 clypeo
1230 2841 1262 2888 et
1282 2832 1379 2889 lorica
1395 2844 1424 2890 et
1439 2835 1501 2889 lerro

196 2926 232 2975 ‘et
253 2917 345 2992 galea:
368 2917 544 2974 armabuntur
565 2927 659 2974 contra
684 2925 709 2972 te
732 2916 868 2990 unilique',
891 2918 953 2990 quia
975 2915 1110 2990 usquead
1126 2914 1229 2972 coslum
1245 2916 1499 2992 elamautrapira.

194 3013 222 3059 et
244 3006 329 3065 lurta,
352 3011 380 3059 et
401 3001 543 3059 calumniae
566 3019 714 3077 pauperum
737 3010 831 3058 contra
854 3011 888 3057 te.
934 3002 1064 3074 Iniquitas
1094 3009 1140 3056 tua
1170 3019 1264 3076 suaper
1295 3014 1387 3078 caput
1419 3005 1522 3059 tunnis

194 3089 313 3145 Aillucet
337 3096 467 3162 superte
490 3088 557 3144 deus
579 3088 720 3162 abyssum,
749 3096 777 3144 et
805 3087 929 3143 iletrahet
958 3095 985 3143 te
1014 3103 1074 3142 cum
1098 3086 1132 3140 iis
1153 3087 1204 3160 quii
1237 3087 1459 3145 descenderunt
1479 3092 1499 3142 ia

195 3173 298 3234 laciriu,
322 3174 354 3229 acl
377 3172 509 3247 populum
532 3174 737 3247 sempiternum.

126 3255 184 3306 Μ·
257 3259 349 3314 [lixit
370 3257 585 3332 Pasquillus.
622 3257 649 3313 Si
672 3269 804 3314 aeteruum
828 3258 863 3313 Ve
886 3258 939 3312 erit
960 3256 1094 3331 phariseis
1117 3255 1172 3311 illis
1197 3256 1310 3330 quihus
1335 3259 1411 3315 (lixit
1433 3260 1502 3315 Chri·

193 3354 254 3400 stus
277 3344 323 3399 ‘Ve
344 3343 422 3399 vobis
445 3344 491 3416 qui
513 3343 655 3400 comeditis
677 3343 773 3399 doinus
802 3344 955 3403 viduarum,
986 3342 1123 3397 orationes
1151 3340 1253 3415 longas
1289 3354 1433 3409 orantes:
1460 3345 1500 3419 qni

194 3429 352 3486 ‘circumitis
374 3445 449 3484 mare
471 3436 498 3484 et
522 3429 635 3490 aritiam.
666 3437 697 3484 ut
726 3429 831 3484 faciatis
860 3444 942 3482 urium
965 3426 1146 3501 proselytum,
1177 3437 1301 3484 etcum
1328 3431 1426 3486 lactus
1448 3431 1524 3486 lue-o

186 3517 253 3591 frit,
279 3514 367 3570 facitis
390 3531 452 3569 eum
475 3513 559 3569 lilium
583 3514 713 3587 gehennae
736 3512 819 3585 ‹lrrplo
842 3530 922 3586 qrraiu
945 3513 1009 3575 vos'‚
1034 3511 1098 3586 quitl
1121 3511 1342 3584 superstitiosis
1368 3514 1429 3572 illis
1451 3516 1500 3574 liat.

194 3601 218 3656 iil
241 3609 285 3656 est
307 3599 466 3655 nionaehis?
488 3599 521 3655 de
544 3599 621 3654 rnalis
643 3599 703 3654 (lico
727 3606 754 3654 et
777 3599 809 3654 iis
833 3607 937 3653 tantum
959 3597 1097 3671 religiosis
1119 3597 1165 3670 qui
1189 3597 1348 3656 orationes
1372 3600 1500 3657 simulant

193 3685 326 3760 prolixas,
351 3684 440 3740 aninlo
463 3684 565 3758 alioqui
588 3684 827 3758 passionatissimi,
851 3682 960 3744 Milesii,
986 3700 1048 3739 ossa
1070 3682 1145 3737 arida
1166 3680 1347 3747 Ezechielis,
1373 3687 1501 3761 spiritum

193 3789 248 3827 non
272 3771 411 3833 hahentia,
441 3778 669 3831 murmuratores,
700 3767 807 3831 lascivi,
838 3769 932 3830 invidi,
960 3767 1115 3829 raucorosi,
1144 3767 1274 3840 superbi,
1312 3765 1503 3829 seminatores

192 3856 402 3915 discordiarum.
425 3856 600 3928 deceptores,
624 3854 707 3915 avari,
731 3854 918 3915 insidiatores,
947 3852 1052 3926 gulosi,
1075 3869 1195 3913 voraces,
1217 3855 1386 3926 cpraeduli,
1418 3858 1527 3933 hyper·

191 3942 282 4004 crite,
312 3939 452 4002 bestiales,
482 3957 579 3996 osores
601 3938 755 3998 literarum,
785 3938 884 3994 inimici
908 3938 1025 4011 pietatis.
1068 3938 1151 3993 Putas
1173 3955 1208 3993 ne
1230 3937 1306 3995 deus
1333 3943 1428 3999 semel
1450 3945 1504 3998 rin·

192 4027 285 4082 ‹licans
308 4024 469 4081 vindicabit?
497 4028 584 4099 Atque
606 4024 708 4080 utinam
732 4031 860 4097 appareat
883 4021 964 4096 lupus
988 4021 1032 4078 ille
1059 4030 1205 4079 contectus
1235 4024 1374 4090 cricullo,
1407 4039 1443 4085 ut
1466 4047 1505 4084 re·

124 4110 302 4167 ott-misens
325 4110 456 4166 haherent
478 4111 504 4165 in
528 4110 636 4166 iuilicio.
681 4109 803 4167 Odeum
826 4106 1022 4174 immortalem,
1046 4116 1113 4181 quot
1129 4106 1170 4162 illi
1184 4107 1359 4184 proselytos
1377 4131 1505 4172 corruer-

257 4378 269 4411 ⁸
287 4380 350 4429 Act.
364 4385 451 4444 apost.
465 4377 497 4428 V.
511 4377 553 4429 2ll.
607 4376 628 4411 ¹⁰
646 4377 801 4448 Ciglerom.
815 4376 861 4427 v1.
877 4376 917 4425 14.
930 4377 1006 4427 VIII.
1022 4375 1061 4426 ll.
1074 4374 1177 4425 Erech.
1190 4375 1274 4427 XIII.
1290 4377 1339 4428 10.
1412 4382 1436 4416 ¹⁸
1455 4382 1505 4449 ait]

190 4460 298 4528 Ei'ang.
312 4480 367 4516 sec.
380 4465 479 4513 Matth.
493 4465 594 4513 XXIII.
608 4461 697 4512 8...10.
732 4461 752 4495 ²¹
767 4458 919 4525 arammeh]
933 4460 1135 4511 Eritaecum.
1171 4456 1504 4520 ”Ezeemxxttlto

189 4545 212 4582 ²⁸
229 4551 270 4598 aa.
283 4550 384 4598 xxue
398 4549 439 4599 aa.
509 4548 532 4581 ω
555 4548 598 4598 ei.
612 4527 714 4599 nm.
727 4548 825 4599 xxvr.
841 4545 880 4595 to.
894 4544 935 4594 ao.
1005 4544 1028 4578 ³³
1051 4541 1164 4609 cariae]
1189 4545 1306 4613 sesag.
1323 4566 1388 4602 επ.
1403 4555 1506 4605 Μ,

189 4634 291 4683 XXIII.
308 4634 346 4683 lt.
399 4633 422 4666 ³⁸
439 4634 541 4684 Erech.
555 4635 693 4683 XXXVII.
707 4635 731 4683 4.
785 4627 1262 4696 ⁴¹·⁸t·vinil.vind.]Ecclesiastici
1281 4634 1363 4688 V,3‚
1416 4636 1506 4690 ⁴⁸10.

188 4718 334 4767 mortalem
352 4722 376 4767 1.
395 4726 508 4783 arimaspe
526 4734 604 4783 rpro
623 4722 635 4766 t
