3276 5414
454 410 504 460 111.
575 426 713 461 ursavcrs
733 426 755 459 s.
776 425 858 460 avua.
895 424 1045 460 utasoovs.
1066 408 1150 474 (tott.)
1402 395 1446 467 51

152 579 306 658 quodlibet
329 580 476 639 diversum
499 582 563 640 ritae
585 597 678 656 gentis
700 578 882 649 iaculentur,
912 598 945 639 ac
975 579 1090 640 illa'ab
1113 579 1214 640 inieris
1237 578 1374 641 terricula
1398 579 1451 639 bo-

153 682 266 741 minum
290 681 412 741 auribus
434 688 523 760 atque
545 681 638 742 oculis
661 681 812 742 olnersari
835 683 955 747 saciant.
988 683 1026 743 ita
1055 682 1248 760 depingentes
1270 700 1304 741 ac
1326 683 1350 741 si
1374 682 1451 743 ride·

153 783 222 842 rint.
268 785 348 854 Quos
370 783 421 861 qui
444 782 566 843 audiunt
587 782 675 861 aliqui
698 786 794 844 statim
824 786 898 843 urori
927 784 1088 851 destinant,
1122 783 1169 843 alii
1198 785 1226 842 in
1254 783 1358 844 cellam
1386 801 1451 844 sese
1462 791 1520 842 t-tt.

153 882 346 953 abstrudunt;
370 901 430 942 arou
452 882 524 943 nulli
546 884 693 946 derelictis
716 887 841 970 coniuge
863 905 897 945 ac
919 884 1020 944 liberis
1049 884 1085 945 ad
1113 883 1298 946 solitudinem
1329 903 1453 963 procnr·

130 992 240 1052 aruum
264 985 408 1063 quosdam
430 987 467 1045 ita
490 987 570 1063 piget
591 989 703 1057 virere,
734 996 765 1049 ut
787 989 862 1066 patri
885 1005 920 1047 ac
941 987 1028 1046 matri
1051 986 1129 1064 qrmd
1152 1005 1183 1048 se
1213 988 1368 1065 genuerint
1396 989 1453 1049 ira·

154 1093 284 1147 scantur.
330 1088 400 1159 uuae
423 1106 490 1147 cum
513 1088 611 1159 video,
635 1096 772 1169 utquam
797 1107 855 1148 non
879 1090 980 1149 deceat
1002 1088 1149 1149 bominem
1173 1087 1244 1149 nibil
1267 1107 1355 1165 agere
1384 1109 1453 1151 cou-

154 1188 279 1266 sydero,
313 1209 347 1250 ac
376 1208 441 1267 qrtae
470 1192 565 1268 ipsum
595 1210 642 1251 mc
666 1192 856 1252 circumstant
884 1192 1016 1258 intueor,
1053 1209 1120 1250 enm
1144 1192 1200 1250 iarn
1224 1198 1341 1269 ternpus
1363 1194 1400 1251 sit
1423 1200 1454 1253 ut

154 1289 252 1349 risere
274 1290 428 1368 incipiam,
452 1311 512 1351 nou
535 1293 689 1353 deserendi
712 1294 830 1372 quidem
854 1292 948 1352 studia
972 1291 1128 1352 eonsilimn
1151 1293 1251 1370 rapiet,
1282 1295 1336 1354 secl
1358 1313 1454 1355 etiter-

155 1392 243 1468 gcmli
266 1411 300 1454 ex
325 1393 370 1453 bis
391 1394 530 1454 sordibus
552 1396 626 1455 viam
651 1395 808 1473 prospicio.
846 1395 941 1473 Atque
963 1394 1026 1455 baec
1048 1393 1191 1472 prolixius
1213 1394 1313 1463 attuli,
1337 1415 1396 1474 qno
1418 1416 1455 1457 ue

119 1511 146 1551 ro
156 1494 229 1554 mibi
251 1512 424 1572 persuasum
447 1504 568 1573 putares
590 1503 702 1557 tantum
725 1495 835 1556 bonnm
859 1515 940 1565 esse,
970 1497 1012 1556 sic
1041 1495 1140 1556 ociori.
1186 1495 1231 1556 Tu
1261 1505 1389 1575 ruptum
1418 1499 1455 1558 de

155 1595 220 1655 atila
244 1615 411 1657 sennonem
434 1614 624 1675 prosequere.

219 1718 384 1761 msavavs.
423 1699 499 1760 b'ibil
523 1702 592 1759 istos
615 1719 732 1768 moror,
762 1702 871 1770 anslec,
899 1702 949 1778 qui
979 1707 1126 1760 terrarum
1149 1699 1214 1760 orbi
1236 1698 1352 1760 titulasti
1375 1707 1523 1771 summo

155 1797 372 1877 Tbeolugistas‚
397 1820 431 1860 ac
453 1803 585 1863 dilliciles
608 1801 672 1861 illos
695 1809 724 1861 et
745 1800 953 1881 superciliosos
976 1801 1173 1880 disputatores
1195 1804 1256 1879 ipsc
1272 1821 1332 1862 non
1348 1803 1452 1881 probo,

155 1919 211 1962 uec
236 1909 263 1961 te
285 1903 314 1962 in
337 1901 440 1963 cellam
464 1902 578 1980 relego,
603 1911 632 1963 ct
654 1904 803 1981 agernlnm
824 1904 945 1963 orrrmno
961 1902 1071 1982 aliquid
1087 1911 1175 1980 nrum
1199 1904 1249 1963 sed
1267 1903 1363 1964 aeriam
1379 1923 1456 1983 nego

122 2020 226 2062 tscssc
254 2004 404 2073 idmream,
438 2024 495 2082 qua
523 2024 676 2083 emergere
704 2008 888 2083 potissiunnn
921 2006 1040 2082 cogites
1086 2005 1196 2076 Quodsi
1229 2004 1456 2066 obstinatissime

157 2122 251 2164 nuum
274 2105 329 2164 boc
354 2108 417 2165 vite
440 2125 534 2182 genus
554 2107 608 2167 tibi
630 2109 772 2185 prrmouis
794 2115 881 2185 atquc
904 2106 944 2166 ibi
967 2107 1152 2184 potissimum
1174 2114 1246 2166 artae
1274 2108 1366 2167 aetatis
1394 2108 1456 2169 lru·

157 2212 238 2266 ctum
260 2209 382 2284 qtraeris,
406 2218 467 2270 tum
491 2217 519 2270 te
542 2210 608 2269 dicu
630 2229 647 2270 e
670 2227 754 2269 nassa
777 2208 876 2270 cibum
899 2218 1012 2286 rtetere.

222 2328 348 2369 casrrs
387 2311 423 2370 at
450 2309 532 2370 nndti
562 2311 726 2372 crebuntur
754 2312 832 2390 apud
859 2312 1008 2390 principes
1037 2318 1065 2370 et
1097 2310 1134 2370 ad
1168 2310 1297 2370 bonores
1330 2312 1388 2371 rito
1420 2319 1524 2371 actv·

156 2408 311 2486 dignitates
332 2411 554 2471 transcendunt.

120 2529 148 2569 co
223 2531 387 2578 ursarsrs.
425 2514 461 2573 tt
483 2512 567 2574 multi
590 2523 805 2575 consenescunt
826 2515 866 2575 ibi
889 2533 1051 2594 pauperes,
1080 2532 1135 2575 nec
1157 2533 1282 2592 nsquam
1304 2523 1455 2575 transcen·

157 2615 230 2674 olunt
253 2622 302 2674 aut
324 2634 454 2693 unquam
477 2625 626 2694 speratum
648 2618 713 2676 ritae
735 2625 853 2695 portum
877 2618 1038 2692 attingunt:
1062 2617 1181 2694 qnidam
1203 2617 1290 2677 etiam
1311 2618 1455 2676 inaximas

156 2735 235 2794 saepe
257 2718 293 2778 ad
316 2735 387 2794 opes
409 2736 444 2778 ac
467 2721 625 2796 potentiam
648 2718 730 2787 elati,
759 2719 877 2798 qttamlo
900 2719 955 2779 illis
978 2719 1071 2779 risum
1094 2720 1182 2779 luerit
1205 2717 1349 2779 bonorum
1373 2719 1455 2779 dato·

156 2818 241 2878 ribus
263 2819 403 2888 dominu,
438 2820 614 2881 deiiciuutnr
642 2838 747 2880 rursus
775 2840 812 2891 ac,
840 2821 1012 2899 spoliantur.
1059 2821 1129 2881 Villa
1158 2822 1236 2879 enim
1258 2838 1346 2898 quarn
1369 2828 1454 2879 actito

158 2920 221 2981 baec
244 2920 419 2982 intellexerit
441 2924 557 2999 sapiens
579 2923 627 2983 illc
650 2924 701 3002 qui
723 2924 765 2982 sic
789 2923 930 2983 exaltatos
952 2921 1073 2984 calculis
1094 2921 1287 2981 aritluneticis
1303 2939 1456 2998 conspars-

120 3038 147 3077 as
158 3020 225 3081 bat:
259 3039 325 3081 uam
349 3030 381 3081 nt
404 3022 444 3082 illi
467 3023 623 3102 aliquando
646 3026 805 3093 minorem,
841 3024 998 3103 aliquando
1027 3025 1169 3086 maiorem
1200 3041 1356 3082 innuerunt
1380 3022 1456 3082 rele-

157 3130 241 3192 runt,
265 3125 302 3183 ita
325 3124 379 3184 bos
401 3124 558 3203 aliquando
582 3128 758 3195 lortunatoS,
789 3126 946 3205 aliquando
969 3125 1167 3193 calmontem,
1198 3143 1377 3203 rursumque
1406 3124 1456 3185 ali·

156 3225 277 3303 qrtamlo
299 3225 442 3295 illustres,
466 3227 622 3306 aliquando
645 3229 803 3297 obscuros,
833 3238 864 3288 ut
886 3228 1007 3304 regibus
1030 3227 1144 3288 libitum
1167 3229 1217 3295 sit,
1242 3225 1355 3286 baberi.

223 3346 350 3387 casrrs.
389 3328 470 3388 Licet
492 3347 621 3406 sperare.
1245 3390 1252 3402 ,
1464 3347 1524 3396 §.tt

223 3448 386 3490 msmrns.
426 3430 462 3490 Et
490 3430 550 3492 ialli
579 3431 654 3492 lieet.
699 3432 774 3493 'lum
805 3431 875 3492 illutl
905 3450 1055 3511 nunquam
1086 3430 1227 3489 memoria
1255 3428 1307 3488 tibi
1342 3428 1457 3488 excitat

227 3632 413 3683 ¹ioculeutm·
430 3635 499 3696 edd,
513 3651 582 3686 eurr.
596 3636 632 3686 H.
669 3634 794 3686 ³statim
813 3637 874 3685 aeid.
890 3637 925 3685 Ii.
962 3633 1173 3685 ‘obstrudutm
1192 3648 1261 3682 corr.
1276 3633 1311 3682 11.
1352 3631 1382 3662 ‘²³
1395 3647 1457 3681 eon·

157 3718 251 3768 sidero
270 3723 435 3771 receattores.
478 3774 482 3782 Ι
505 3719 515 3751 ⁸
534 3720 651 3770 consilia
671 3725 715 3772 13.
784 3719 806 3751 ¹⁸
824 3736 906 3769 unum
925 3721 948 3769 b.
962 3723 978 3770 l.
993 3735 1078 3770 omnes
1093 3725 1194 3783 prater
1213 3721 1260 3771 13,
1279 3720 1322 3782 qni
1339 3718 1408 3781 quod
1420 3717 1455 3765 Il.

156 3802 275 3867 postibi
298 3804 438 3867 adscripsit
460 3805 645 3868 potissimum,
671 3806 717 3855 bne
739 3811 836 3861 tramit,
859 3810 950 3854 onatsso
968 3822 990 3854 a.
1010 3819 1101 3852 unitim.
1131 3802 1175 3853 Sic
1192 3802 1289 3851 solebat
1313 3800 1455 3850 iiliinclrins.

158 3886 180 3919 ¹⁸
192 3888 245 3937 tibi
264 3885 325 3951 (pro
344 3887 394 3949 ibi)
408 3891 465 3936 211.
474 3892 513 3937 10.
567 3888 588 3921 ¹⁷
605 3890 783 3940 Proverbium
803 3907 836 3939 ex
849 3889 973 3939 Sceledri
992 3904 1038 3938 ore
1058 3904 1101 3952 ap.
1114 3885 1206 3936 Plout.
1220 3886 1248 3934 in
1262 3885 1336 3934 Glor.
1351 3883 1456 3945 litias.

159 3973 332 4036 „Numquam
351 3971 453 4022 Hercle
473 3989 506 4022 ex
526 3975 581 4023 iste
599 3989 682 4023 nossa
702 3990 753 4038 ego
772 3974 854 4024 bodie
879 3989 972 4024 eseam
995 3976 1114 4038 petrum.
1192 3968 1214 4001 ²²
1234 3969 1366 4020 bomdet.
1385 3976 1463 4019 omia.-

157 4059 217 4107 edd.
231 4059 317 4108 adcor.
332 4058 367 4106 H.
422 4053 491 4108 Θεοὶ
510 4056 634 4124 δωτῆρες
652 4050 736 4109 ἐάων.
754 4060 834 4109 Hom.
848 4058 898 4109 Od
912 4057 987 4107 VIII.
1002 4057 1059 4109 3⁶25.
1113 4054 1135 4088 ²²
1154 4056 1267 4120 sapiens
1284 4052 1342 4120 ille]
1363 4054 1455 4115 Solon,

158 4142 182 4191 is
201 4142 287 4204 cuim,
308 4143 354 4207 qui
373 4142 445 4206 apud
463 4147 595 4206 tyrannos
609 4145 776 4194 auctoritate
791 4143 932 4205 valerent,
951 4158 999 4192 eos
1013 4143 1129 4192 calculis
1147 4141 1245 4206 quibus
1259 4141 1286 4187 in
1300 4154 1455 4204 conponen-

159 4227 202 4277 dis
220 4227 377 4277 retiouibus
399 4228 514 4289 utimur,
539 4244 693 4294 conparare
717 4234 912 4278 consueverat:
936 4233 966 4276 nt
990 4227 1062 4276 cuim
1087 4241 1180 4276 comm
1204 4224 1294 4288 quivis
1318 4222 1454 4272 interdum

156 4311 290 4361 maiorem
308 4326 462 4372 numerum,
487 4313 624 4363 interdum
642 4314 774 4362 minorem
792 4312 946 4377 signifieat,
973 4314 1015 4361 ite
1039 4316 1067 4361 et
1091 4316 1224 4374 tyrannus
1248 4308 1344 4357 horum
1362 4321 1453 4372 quem·

157 4410 210 4459 qne
228 4401 310 4461 prout
332 4396 442 4445 libitum
467 4398 552 4446 luerit
577 4397 726 4463 aliquando
750 4397 892 4447 inlustrem
917 4401 946 4445 et
969 4396 1108 4454 inclitum,
1135 4393 1285 4459 aliquando
1309 4391 1454 4441 obscurum

156 4478 262 4529 habere
282 4486 310 4530 et
328 4480 505 4546 ignobilem”.
526 4483 599 4545 Iliog.
618 4483 709 4533 Laert.
729 4487 754 4532 in
772 4483 825 4532 Sol.
839 4480 881 4529 ab.
948 4480 1020 4530 calc.
1034 4477 1154 4544 arithm]
1178 4477 1397 4535 neeleamites,
1422 4492 1455 4525 ex

157 4566 343 4615 conventione
372 4565 496 4615 lubitnre
525 4567 661 4615 utentium
687 4565 814 4616 valentes
838 4566 968 4627 tmiones,
999 4565 1131 4619 decedes,
1163 4563 1340 4613 centenarios
1363 4567 1391 4611 et
1413 4561 1454 4610 sie

156 4649 289 4714 deinceps
308 4650 367 4700 sire
381 4665 430 4714 pro
444 4649 537 4700 lenum
551 4651 610 4701 sire
623 4666 672 4715 pro
684 4650 886 4701 conlocutionis
899 4649 1073 4699 diversitate.
1125 4646 1147 4678 *⁹
1167 4651 1244 4708 ‚tum
1257 4652 1282 4696 5.
1313 4647 1403 4695 ‚Tum
1416 4646 1453 4695 11.

156 4733 209 4784 tibi
227 4750 307 4784 mem.
321 4749 404 4799 nuuq.
418 4738 463 4785 13.

1184 4817 1229 4876 4*
