3276 5414
289 398 380 450 VlllI.
451 414 578 449 uonrnon
599 415 711 449 enrurs.
781 413 921 451 ornnoovs
941 415 1124 453 nvnnnmcrs.
1153 399 1236 466 (toto.)
1335 386 1403 459 341

114 568 216 638 lrorlic,
246 567 318 628 nihil
341 571 521 630 contrarium
545 571 637 646 magis
660 569 831 647 cognovisse
858 570 951 631 dices:
980 570 1027 630 dic
1055 571 1125 632 mihi
1155 575 1248 643 enim,
1278 572 1409 652 Evange-

113 670 184 731 lium
213 671 353 750 praedicat
375 671 513 731 Decimus
543 671 617 741 Leo,
648 678 677 730 et
705 686 829 747 regnum
859 672 905 732 elci
933 673 1010 731 inter
1041 682 1142 751 gentos
1174 670 1407 759 {liffgt‘ssffifft

113 772 287 833 admmeiat?

176 895 326 936 uomnon.
364 873 427 934 lloc
451 875 536 935 iaciat
558 876 634 952 ipse,
664 893 730 934 cum
761 881 803 934 tot
832 873 998 935 discurrant
1024 877 1133 954 passim
1156 876 1293 938 Fratrum
1316 876 1474 947 mittetis.

87 989 240 1055 sqrrorum
263 975 303 1035 ibi
327 994 416 1055 opera
439 977 481 1036 uti
503 974 589 1036 licet?

176 1097 347 1140 moneare.
385 1080 421 1138 lit
444 1076 521 1137 nrrlla
545 1078 599 1138 alia
622 1079 734 1138 ratione
758 1085 808 1138 aut
830 1078 875 1137 his
891 1077 1044 1139 Fratribus
1059 1087 1109 1139 aut
1125 1097 1196 1158 quo·
1219 1077 1227 1163 Ι
1249 1076 1404 1156 22222‘2‘50·

112 1180 153 1238 ris
176 1179 411 1240 (linistianorum
434 1182 528 1240 maior
549 1179 671 1240 iudicari
695 1179 798 1248 debet,
822 1198 909 1259 quant
932 1181 1011 1259 qtrod
1034 1181 1091 1241 lroc
1113 1183 1206 1260 magis
1220 1199 1310 1260 quam
1325 1182 1404 1260 quis·

112 1299 169 1358 que
191 1275 263 1340 alins
287 1282 386 1349 laciat;
410 1299 506 1360 neque
528 1282 667 1359 princeps
689 1299 753 1342 esse
768 1281 983 1361 Episcoporum
1006 1283 1086 1342 inani
1106 1284 1224 1343 nominc
1245 1282 1405 1353 debet,.ro

111 1389 199 1459 atque
221 1401 312 1460 opero
335 1383 439 1453 debet,
470 1385 572 1461 utqui
595 1384 733 1443 attentius
756 1384 902 1461 inspiciat,
931 1383 1097 1459 diligentius
1120 1392 1218 1455 curet,
1252 1383 1404 1446 sollicitius

76 1483 261 1562 toadrigilet;
285 1486 334 1562 qui
358 1485 547 1545 commissum
571 1484 626 1544 silai
649 1501 768 1562 gregem
792 1486 894 1545 anxins
917 1493 1017 1562 pastor
1041 1483 1157 1563 vigiliis,
1180 1504 1264 1556 curra,
1294 1486 1403 1547 lahori-

110 1585 167 1645 bus
194 1593 282 1663 atquc
308 1589 388 1646 omni
416 1593 521 1647 conatu
552 1593 648 1647 serrot
682 1593 710 1646 et
743 1587 888 1647 eiciendat.
934 1605 1001 1647 nam
1037 1589 1066 1647 in
1100 1589 1299 1647 mercenarios
1332 1588 1403 1648 istos

109 1689 232 1747 relicere
255 1705 356 1748 cetram
379 1688 455 1748 lianc
477 1705 536 1747 non
559 1687 695 1767 Episcopi
719 1698 776 1757 est,
805 1689 856 1748 sed
880 1691 942 1749 eius
965 1691 1015 1767 qm
1037 1688 1246 1768 Episcopatum
1274 1689 1404 1768 deponat

110 1795 138 1848 ct
160 1788 196 1848 ab
220 1789 275 1849 lroc
298 1809 330 1851 se
352 1791 467 1850 abelicot
489 1789 594 1849 ollicio.

172 1911 321 1953 uonrnon.
360 1892 451 1970 lgitur
479 1910 538 1952 non
568 1891 609 1950 ris
638 1890 705 1970 plus
738 1909 825 1969 posse
857 1891 939 1952 illurn
963 1890 1132 1960 Summum,
1167 1910 1254 1970 quam
1284 1891 1470 1968 {33:²¹”tra

75 1991 183 2051 ¹⁵alios
208 1992 317 2071 uhirptc
339 1993 520 2073 Episcopus?

172 2115 343 2156 evonenus.
382 2094 532 2173 Siquidem
555 2112 689 2155 summus
712 2112 775 2156 esse
798 2095 917 2164 debeat,
948 2094 1015 2174 plus
1038 2095 1140 2164 relim;
1168 2095 1220 2156 sed
1243 2093 1313 2156 iliud
1336 2095 1402 2175 plus

109 2214 196 2274 posse
219 2198 350 2257 iurandis
372 2197 500 2257 lidelium
524 2198 642 2267 animis,
666 2215 725 2256 rron
748 2197 897 2273 gravando
920 2194 1029 2276 populo
1045 2196 1208 2257 Christiano
1231 2199 1401 2266 estimatur,

109 2299 266 2375 quinetiam
290 2316 349 2377 qrro
372 2306 416 2360 est
438 2297 653 2378 praecellentior
676 2298 855 2377 Episcopus,
885 2290 943 2358 lroc
966 2299 1058 2376 magis
1081 2316 1182 2359 curam
1210 2298 1321 2359 hahere
1350 2299 1401 2360 de·

109 2399 175 2468 bet,
200 2419 265 2459 cum
288 2403 361 2461 sciat
383 2400 615 2479 dispensatorem
639 2419 703 2462 esse
725 2419 757 2462 se
780 2401 823 2460 rei
845 2399 960 2469 alienae,
990 2408 1023 2461 ut
1050 2407 1117 2478 apte
1148 2401 1212 2460 ollr-
1240 2412 1247 2481 Ι
1276 2398 1400 2485 lgm„

72 2502 187 2561 acrium
204 2502 303 2570 iaciat,
328 2496 496 2563 redditurus
512 2503 588 2581 apud
605 2522 739 2565 seuerum
761 2502 889 2563 iudicem
911 2510 1063 2581 gestorum
1085 2502 1242 2571 rationem,
1267 2505 1316 2580 qui
1337 2501 1400 2563 lau·

109 2603 188 2663 dabit
211 2603 328 2681 qrridcm
352 2602 467 2665 tidclem
490 2603 572 2665 illurn
596 2612 624 2664 et
647 2606 800 2683 magnilica
822 2603 957 2674 habebit,
981 2623 1049 2665 eccm
1072 2622 1142 2664 vero
1165 2605 1215 2682 qui
1237 2604 1329 2664 oilitio
1344 2621 1398 2664 suo

106 2723 161 2783 per
177 2704 329 2783 segnitiem
352 2713 380 2765 et
402 2705 503 2765 lurmm
527 2706 666 2776 deluerit,
689 2706 796 2766 dividet
818 2714 992 2785 partemque
1014 2707 1077 2766 eius
1098 2711 1189 2784 ponet
1211 2724 1278 2766 cum
1294 2688 1405 2765 inlides

106 2805 193 2866 tibus.
230 2805 305 2866 liudi
319 2825 414 2876 nero,
437 2808 505 2884 quia
528 2808 564 2869 de
587 2808 666 2869 Petri
688 2808 911 2869 successoribus
933 2810 1043 2887 agitur,
1074 2807 1176 2886 quales
1203 2806 1251 2868 ille
1275 2806 1467 2868 soloecismo.

107 2925 171 2968 esse
194 2906 443 2986 compresbiteros
465 2926 534 2968 suos
557 2917 586 2971 et
608 2928 809 2971 successores:
834 2908 965 2971 ‘Pascite’
989 2911 1083 2987 inqiut
1106 2916 1257 2989 ‘quantum
1273 2910 1302 2968 in
1318 2908 1400 2969 vobis

70 3022 98 3062 2⁵
109 3016 154 3069 est
175 3027 296 3088 gregem
319 3009 439 3079 Christi,
464 3029 522 3070 non
546 3020 661 3080 coacte.
684 3012 735 3072 sed
758 3011 901 3081 uolentes,
932 3029 989 3073 non
1012 3013 1139 3092 turpiter
1162 3012 1261 3092 allo-t
1283 3008 1400 3096 231³„st

109 3117 220 3172 stantes
242 3110 374 3181 lucrum,
398 3112 450 3172 scd
472 3131 620 3192 propenso
643 3115 756 3182 animo;
787 3132 885 3192 neque
908 3132 963 3175 ceu
985 3113 1137 3175 dominum
1161 3120 1334 3175 exercentes
1348 3112 1398 3173 ad·

107 3230 209 3273 versus
231 3211 344 3283 cleros,
367 3213 419 3274 sed
442 3216 485 3276 sic
504 3221 539 3275 ut
560 3215 621 3275 sitis
644 3214 821 3294 exemplaria
844 3198 959 3294 gregis’.

169 3335 319 3377 uomron.
357 3315 447 3377 Recte
470 3316 549 3393 logio
573 3325 615 3385 te,
639 3322 672 3377 ut
693 3316 820 3377 absurda
843 3324 1022 3378 monentem.
1287 3378 1290 3387 ,

171 3436 343 3478 cvrncnvs.
381 3417 418 3478 at
440 3436 499 3478 non
523 3418 655 3495 lugeres.
679 3420 704 3479 si
725 3418 872 3479 Christum
895 3421 980 3497 sequi
1003 3418 1099 3480 celles.
1138 3419 1312 3480 {licitorum
1328 3417 1400 3480 mihi

70 3522 221 3587 otiantem,
244 3517 381 3578 Decimus
403 3519 463 3580 Leo
486 3538 552 3580 cmn
576 3527 604 3580 ct
625 3519 743 3581 biennio
766 3520 803 3580 ab
826 3520 895 3580 hinc
918 3521 1025 3582 iratres
1047 3539 1116 3582 snos
1132 3521 1301 3582 Cardinales
1322 3521 1400 3581 occi·

107 3617 184 3677 derit
206 3625 234 3678 ct
256 3618 413 3680 Urbinensi
436 3620 529 3690 bello,
564 3630 596 3680 ut
623 3623 786 3701 principem
816 3622 927 3683 laceret
956 3622 1128 3702 nepotulum
1157 3640 1259 3691 suum,
1294 3621 1400 3681 multas

108 3720 267 3797 perdiderit
292 3721 418 3791 animas,
441 3724 604 3784 servavitne
628 3724 751 3784 uicissim
774 3723 903 3803 aliquas?
1192 3738 1200 3807 Ι
1223 3719 1399 3807 ξξξω,ξ’“ζζῗ5’ῖ,,,,

172 3842 321 3883 nomnen.
360 3822 498 3900 imperite
521 3843 622 3885 rerum
644 3828 789 3894 omnium,
813 3827 862 3904 qui
886 3844 945 3885 non
968 3827 1048 3887 rides
1072 3844 1160 3904 quam
1184 3824 1301 3885 cottidie
1323 3821 1469 3885 mut-cu.

111 3930 156 3981 tos
178 3921 246 3983 beet
268 3923 394 3985 dimissis
415 3927 448 3985 in
469 3926 573 3987 orbem
595 3926 792 4004 indulgentiis.
1229 3940 1236 4009 p
1265 3947 1399 3991 recuruum.
1536 3917 1538 3920 ’

71 4039 98 4081 as
174 4045 346 4088 nvnunnvs.
384 4026 475 4088 Video
498 4028 618 4089 adsidue
642 4029 693 4089 lras
714 4028 796 4090 illum
825 4031 955 4098 mittere;
989 4028 1041 4090 sed
1069 4030 1119 4107 qui
1147 4029 1306 4089 coniectari
1334 4025 1402 4086 licet

109 4126 146 4186 ad
169 4127 335 4187 animorum
357 4128 523 4190 heationem
546 4131 644 4191 lacere
666 4130 772 4211 aliquid
788 4131 860 4200 hoc,
884 4129 963 4209 quod
979 4129 1026 4191 ille
1042 4149 1101 4191 non
1117 4128 1155 4190 ob
1171 4131 1199 4191 id
1215 4131 1326 4207 ipsum,
1349 4127 1402 4188 sed
1486 4194 1495 4213 ο

107 4235 140 4288 nt
162 4229 317 4306 pecuniam
340 4230 472 4310 colligat,
496 4233 637 4292 institnit?
659 4233 737 4312 quod
760 4234 783 4291 si
806 4228 866 4293 non
889 4239 965 4293 esset
987 4234 1089 4302 ctiam,
1112 4250 1208 4312 neque
1230 4231 1346 4292 lucrum
1362 4230 1403 4291 ibi

105 4348 192 4389 suum
216 4341 364 4408 quareret
385 4335 464 4412 ipse,
488 4341 585 4394 tamen
609 4336 722 4395 censeri
745 4352 803 4393 non
820 4334 942 4395 deberet
957 4334 1012 4394 hoc
1029 4353 1115 4413 posse
1132 4353 1198 4395 eum
1215 4334 1401 4413 priusquam

106 4430 190 4491 lactis
212 4431 337 4494 dedisset
362 4436 424 4514 ipse.
447 4436 646 4496 sanctimoniae
669 4454 731 4496 suec
754 4436 980 4504 documentum,
1009 4437 1048 4496 ita
1070 4443 1102 4496 ut
1125 4437 1153 4496 in
1176 4436 1331 4497 beatorum
1348 4452 1401 4495 nu-

175 4633 194 4668 ¹¹
212 4639 441 4688 mercinareoal.
462 4637 770 4703 cf.10ann.x.12.sq.
813 4636 1053 4689 ”Luexttto
1105 4635 1127 4669 ²⁴
1145 4637 1213 4704 inq.]
1232 4639 1307 4688 Petr.
1320 4639 1342 4689 1.
1359 4654 1401 4703 op.

104 4721 139 4772 V.
152 4721 176 4770 2.
184 4718 209 4771 3.
274 4720 297 4754 ⁸⁰
314 4723 403 4773 occid.
422 4720 481 4789 etc]
501 4723 544 4778 Cf.
559 4725 634 4773 inire
647 4724 779 4789 Pasquill.
792 4725 816 4785 ξ.
830 4722 869 4774 15.
885 4727 913 4773 et
926 4723 1031 4774 exhort.
1045 4739 1079 4773 no
1093 4716 1208 4774 docimae
1221 4727 1313 4791 preest.
1326 4723 1350 4785 ξ.
1359 4721 1401 4772 21.
