3330 5408
284 373 357 443 ¹¹9ss
723 402 840 437 nutout
861 402 1135 438 rsnvnonvrrun'tcr.

282 562 370 635 ipsum
394 578 491 634 ocyus,
525 560 621 632 lacque
644 577 738 633 qureso
762 568 883 616 actutum
905 559 1026 616 cubitum
1055 560 1249 621 concedamus,
1285 569 1315 618 ut
1343 579 1403 617 cras
1434 563 1520 618 citius
1549 580 1582 619 co

284 663 415 719 queamus
438 652 524 701 stratu
547 649 669 716 surgere.

213 748 273 797 ezir.
347 731 411 786 l‘ue
421 747 441 784 r.
479 729 519 784 'lu
541 747 601 784 cum
624 730 741 802 primum
763 729 906 785 crastinam
929 730 1095 784 exorientem
1119 728 1207 785 lucem
1222 728 1376 787 cubiculum
1394 731 1503 805 ingredi
1520 750 1582 788 sen·

283 815 367 875 seris,
392 833 433 870 me
457 813 613 876 inclamato;
636 822 745 886 granato
768 814 838 869 erum
862 831 939 868 mane
963 831 1076 884 surgere
1099 812 1185 869 soleo.

345 898 471 956 llcuuo.
509 898 566 953 Non
592 898 643 953 luit
666 900 801 954 monitore
826 916 908 971 opus,
934 900 992 972 ipsc
1014 897 1116 971 alioqui
1141 899 1264 954 iecissem
1288 900 1327 959 id.
1359 908 1388 954 ut
1413 901 1459 973 qui
1484 911 1599 956 eertusa

280 985 330 1039 sim
354 983 421 1040 bane
444 1002 486 1039 me
509 993 614 1040 noctem
638 982 871 1057 pem-igiluturmn.
917 983 956 1038 Tu
985 1001 1066 1056 erge.
1097 1001 1113 1039 n
1144 983 1244 1057 hospes
1273 984 1492 1058 Polypragmun,
1524 985 1580 1040 rulo

282 1068 439 1124 fortunatus
462 1069 488 1122 iu
511 1068 656 1124 erastinum
679 1085 765 1142 usque
788 1067 885 1123 lucem.

344 1153 608 1233 Pplypragmon.
648 1151 710 1209 l'ale
738 1161 766 1207 ct
794 1161 838 1213 tu.
868 1171 884 1208 o
914 1151 1016 1208 llenno.
1062 1151 1160 1208 Verum
1190 1152 1272 1214 licus,
1303 1155 1463 1228 priusquam
1489 1155 1578 1216 abeas.

283 1246 376 1311 putum
401 1238 462 1293 iube
486 1237 575 1292 all'crri
601 1236 657 1298 tibi,
682 1246 711 1292 ut
728 1237 813 1292 bibas.

347 1323 471 1378 llenuo.
508 1321 566 1377 Non
588 1321 669 1382 libet,
693 1321 769 1377 abeo.
864 1371 868 1379 .
1588 1340 1609 1377 m

378 1470 382 1480 Ι
527 1406 741 1469 lleus‚.llruuo,
758 1406 891 1470 lucescit,
919 1405 1024 1477 evigila.

213 1499 274 1548 §.ab
347 1493 440 1547 Puer.
479 1493 543 1547 llem
566 1491 675 1553 lleuuo,
699 1492 749 1547 iam
773 1507 871 1563 surge.
896 1491 984 1546 suavis
1008 1491 1132 1564 prolecto
1148 1492 1309 1547 socordibus
1325 1510 1437 1549 somnus
1458 1511 1505 1548 res
1527 1504 1577 1549 cst.

281 1577 346 1650 quin
371 1576 474 1632 ornasti
498 1585 523 1631 te
547 1576 771 1649 quemadmodum
795 1575 852 1630 lieri
878 1575 925 1630 tibi
949 1580 1153 1650 prmccperaml

346 1661 469 1716 llonno.
507 1660 603 1722 Plane,
637 1678 727 1716 noune
749 1660 840 1716 vides?
875 1660 982 1716 intuere
1006 1668 1033 1716 et
1057 1661 1174 1716 tunicam
1203 1661 1302 1734 ipsam.
1337 1672 1364 1717 ct
1393 1662 1516 1724 calceos,
1550 1672 1577 1718 et

282 1746 389 1805 laciem.
414 1754 441 1800 ct
462 1745 590 1820 capillos,
617 1754 644 1801 et
667 1763 769 1801 manus.
1586 1761 1608 1800 u

343 1832 436 1885 Puer.
473 1831 601 1892 Pulelnu,
635 1830 743 1891 llenno.
778 1831 829 1885 iam
859 1829 918 1885 ride
946 1846 979 1885 ne
1008 1838 1033 1885 te
1062 1831 1259 1905 conspicientes
1289 1831 1451 1887 matronulae
1476 1833 1576 1890 misere

280 1924 384 1971 mucut:
408 1915 592 1989 periculosum
615 1915 685 1970 eninr
709 1923 750 1970 est
775 1915 800 1968 in
824 1915 872 1970 bae
896 1914 963 1970 urbe
986 1933 1016 1970 ae
1039 1916 1166 1970 miserum
1190 1916 1340 1971 lerrrmsnm
1363 1935 1425 1970 esso
1448 1918 1540 1972 nimis.

344 2001 469 2056 llenno.
508 1999 599 2081 (larris
622 2017 745 2062 rursum.
769 2009 796 2055 et
817 2016 914 2055 cauum
937 2007 965 2054 et
988 2016 1078 2055 senem
1103 2008 1232 2055 inatrourn
1253 2007 1391 2055 arnareutt
1416 2002 1493 2057 istoc
1511 2003 1574 2057 uului

280 2084 343 2142 olim
367 2085 477 2141 lectuna
501 2084 567 2140 luit:
592 2084 658 2158 quin
682 2085 760 2139 iuius.

211 2178 271 2226 §.tlt
345 2170 440 2226 Puer.
481 2168 558 2225 ttutb
583 2169 608 2223 iu
631 2186 674 2224 me
696 2186 772 2224 mura
794 2177 844 2224 est.
1583 2184 1606 2222 m

345 2256 471 2312 llcnuo.
509 2252 594 2320 boun
617 2254 684 2308 viam
708 2254 892 2325 inpredinmr‘.¹

344 2341 436 2394 Puer.
473 2338 612 2394 Novistine
635 2339 733 2399 aedem,
756 2339 783 2393 in
807 2356 858 2412 qna
882 2347 1000 2394 armatus
1024 2337 1069 2393 ille
1092 2348 1201 2393 sanetus
1224 2357 1295 2411 cuprio
1319 2339 1427 2395 rebitur
1447 2339 1575 2414 lapideo?

349 2424 474 2483 llenno.
511 2423 591 2484 Neri.
616 2433 687 2479 recta
710 2441 777 2496 ergo
802 2425 886 2485 imus,
914 2423 1010 2478 deiude
1032 2440 1082 2496 per
1104 2424 1278 2496 angiportum
1301 2423 1365 2479 bera
1388 2424 1573 2481 ‹leelirmums:

279 2511 315 2566 ibi
338 2511 444 2565 demum
468 2526 555 2582 prope
578 2508 707 2582 ternplum
731 2508 846 2581 insignis
876 2508 990 2564 rotmula
1020 2509 1104 2562 turris
1133 2509 1314 2581 conspicitur,
1344 2511 1489 2565 vetustatis
1517 2529 1574 2566 irre·

279 2604 437 2652 irremeutnm
460 2593 602 2650 admodum
626 2594 775 2666 egregium.
1299 2652 1302 2657 ,
1581 2607 1606 2646 aa

342 2681 437 2736 Puer.
476 2677 513 2732 lbi
538 2679 563 2733 iu
587 2696 617 2732 oa
641 2679 697 2751 ipsa
725 2678 806 2734 domo
835 2678 941 2751 legatus
969 2677 1119 2751 hospitium
1147 2677 1239 2738 babet.
1275 2677 1353 2734 eelim
1381 2687 1472 2734 tamen
1501 2689 1574 2736 esset

279 2765 357 2820 alibi:
382 2765 408 2819 in
432 2764 556 2819 invidiam
580 2763 650 2818 euim
673 2770 701 2818 et
723 2763 831 2819 douunrr
854 2772 881 2818 ct
903 2763 1041 2818 domirmm
1064 2770 1149 2823 coeat.

344 2850 466 2905 llenno.
505 2849 555 2903 lam
579 2847 843 2921 appropinquaturus,
872 2865 905 2903 en
933 2848 995 2902 turri
1024 2848 1120 2902 turrim
1143 2847 1237 2903 adbuc.
1283 2846 1333 2902 Sed
1357 2863 1452 2905 vereor
1475 2866 1509 2905 ue
1533 2850 1573 2904 ni·

209 2936 363 2991 l-tttmium
386 2951 462 2990 ruane
485 2933 534 2994 sit,
559 2941 653 3005 quarta
676 2932 763 2988 adlme
786 2933 874 2988 audita
897 2933 964 2988 bora
987 2942 1114 2987 nonest.
1160 2932 1180 2987 tl
1203 2932 1320 3005 lupinar,
1346 2950 1406 3005 qum
1430 2943 1495 2989 siant
1513 2935 1572 2991 ista·

276 3019 404 3095 palliatae.
422 3036 483 3093 qum
500 3035 531 3072 ex
548 3017 639 3090 Legati
657 3016 802 3090 prosiliunt
821 3018 960 3090 bospitio‘.¹
975 3017 1058 3073 credo
1075 3016 1199 3090 prolecto
1215 3034 1299 3091 super
1311 3018 1397 3072 lorma
1414 3019 1487 3073 iuter
1504 3020 1569 3074 treis
1579 3032 1605 3069 :n

276 3104 336 3161 illus
358 3106 422 3161 deas
445 3119 538 3158 noram
561 3110 682 3158 exertam
704 3101 779 3157 litem
803 3121 876 3164 esse.
907 3110 935 3158 et
957 3102 1019 3175 quia
1042 3101 1176 3175 Phrygius
1201 3099 1246 3156 ille
1268 3111 1363 3176 pastor
1391 3120 1445 3158 non
1475 3122 1572 3177 super·

276 3199 318 3244 est
341 3188 471 3262 amplius.
495 3188 566 3243 lurnc
588 3185 768 3261 apostolieum
792 3187 906 3243 iudicem
929 3195 1012 3243 noctu
1035 3187 1167 3259 quaesisse
1191 3187 1216 3240 iu
1242 3187 1400 3242 insomniis:
1424 3186 1490 3244 lelix
1507 3207 1571 3263 pre-
1629 3256 1634 3265 θ

276 3274 348 3331 lecto
372 3273 550 3333 insomnium,
574 3272 708 3345 siquidem
730 3271 829 3346 pucllre
852 3273 894 3327 lue
918 3288 972 3327 uon
994 3272 1053 3327 dem
1076 3280 1176 3327 essent.

339 3361 436 3414 Puer.
474 3358 539 3413 lleas
563 3357 611 3412 lias
634 3374 693 3412 esse
716 3374 780 3411 vero
802 3357 905 3418 credis,
929 3356 1041 3412 llenne‘l
1068 3355 1102 3411 ala
1126 3355 1211 3410 lalsus
1234 3375 1279 3417 es,
1307 3356 1364 3412 dore
1387 3357 1457 3430 apud
1482 3359 1571 3431 geuli-

274 3442 315 3499 les
337 3444 450 3501 luerunt
472 3442 622 3516 quondum,
646 3459 696 3496 uos
719 3459 773 3497 non
797 3460 856 3499 esse
879 3441 1007 3502 dicimus.
1036 3441 1061 3496 id
1085 3440 1165 3497 babet
1189 3439 1286 3513 religio
1309 3458 1378 3497 sera.
1579 3456 1604 3496 ω

339 3529 465 3584 llcnuo.
504 3526 664 3587 Credebam:
688 3544 748 3599 quae
771 3535 834 3583 sum
858 3527 959 3599 igitur?

337 3614 434 3669 Puer.
472 3610 540 3667 (lliui
563 3611 720 3685 palaestritae
749 3621 812 3667 sunt
840 3610 938 3686 puellae
968 3609 1155 3685 pauperculae,
1185 3628 1246 3683 quae
1273 3609 1308 3665 ob
1330 3611 1570 3668 nocturnamdili-

275 3707 438 3772 gentemque
467 3704 587 3753 navatam
617 3710 727 3768 operam
762 3696 960 3770 eleemosynam
987 3713 1019 3751 ex
1047 3696 1176 3751 thesauro
1209 3694 1361 3768 apostolico
1395 3705 1569 3770 acceperuut.

274 3783 373 3839 l¹utaut
396 3782 466 3838 euim
490 3781 528 3836 illi
553 3782 578 3836 iu
603 3780 706 3836 nullum
729 3782 802 3856 pium
826 3782 912 3854 magis
935 3799 965 3836 ae
988 3780 1106 3836 sanctius
1130 3780 1177 3836 lms
1201 3779 1371 3835 Germanicas
1402 3780 1569 3837 barbaricas·

206 3872 329 3940 tuque
352 3885 418 3942 opes
440 3867 562 3924 converti
585 3883 654 3940 opus
677 3883 771 3939 posse,
801 3884 880 3939 quam
904 3866 930 3921 iu
954 3864 1002 3921 bas
1025 3882 1086 3920 vere
1111 3864 1216 3939 puellas
1245 3864 1433 3938 pauperculas.
1478 3868 1601 3939 Atqueu

274 3953 341 4008 adeo
364 3952 496 4010 audistine
520 3951 571 4006 lroc
593 3950 724 4024 anquius.
748 3971 764 4007 o
788 3951 897 4018 llenue,
921 3968 1015 4007 onmes
1038 3949 1097 4004 illas
1120 3949 1263 4023 pecunias.
1287 3967 1354 4023 quas
1378 3949 1449 4005 iutra
1464 3950 1567 4006 multos
1618 4011 1624 4020 ,

272 4054 357 4094 runos
381 4039 406 4093 in
431 4035 614 4108 indulgentias
637 4052 687 4091 uros
709 4034 875 4092 contulimus
896 4035 1020 4091 certatim
1044 4052 1137 4090 omues
1160 4034 1271 4090 maxima
1295 4034 1333 4095 vi,
1357 4033 1408 4088 sub
1431 4045 1565 4108 praetcxtu

272 4121 313 4176 rel
336 4122 441 4179 Turcici
465 4119 545 4182 belli,
568 4120 609 4176 vel
632 4121 886 4194 congregandorum
909 4120 1102 4181 conciliorum,
1131 4117 1171 4175 rel
1201 4118 1366 4192 templorum
1395 4119 1565 4176 exaedifican-

273 4238 475 4247 ιιι-*σ-

340 4304 346 4336 ¹
367 4306 444 4354 ocius
465 4308 490 4355 3.
560 4304 612 4345 ¹⁸¹¹·
632 4306 705 4354 einen
723 4303 898 4366 Seldul'trunlr.
970 4302 989 4335 ¹¹
1009 4303 1090 4356 Nocte
1111 4309 1222 4366 perucm
1243 4295 1376 4367 sequeutia
1397 4309 1565 4365 percantatur.

271 4387 672 4449 ¹⁶curuantutortosl.tas.
696 4390 815 4439 Nimiast
828 4388 939 4437 miseric
952 4387 1033 4436 nimis
1045 4387 1189 4451 pulclnum
1203 4402 1264 4435 esse
1276 4386 1423 4435 bominem.
1464 4383 1487 4418 ²²
1504 4402 1566 4435 suu·

271 4471 340 4539 ctns]
360 4474 514 4523 Martinus?
565 4471 740 4523 ¹¹lelru1.2.
805 4471 956 4521 30Ριιιίιιίιι
976 4472 1140 4521 indicimus
1174 4469 1196 4501 ³¹
1216 4470 1289 4520 Cliui
1307 4466 1374 4535 pub]
1394 4467 1496 4534 κλίνης
1513 4487 1565 4520 πα-

270 4557 440 4622 totocorde,
459 4558 589 4608 libidines
609 4559 687 4624 quusi
706 4557 846 4622 publicum
865 4564 1006 4606 ccrtnmru
1018 4554 1180 4606 exercentin
1192 4563 1293 4605 acerui.
1313 4555 1349 4604 cl.
1362 4557 1507 4619 clinopalen
1521 4572 1564 4620 up.

269 4642 516 4693 Suet.l)0nrit.2·.¹.
547 4641 876 4705 Anr.Vict.Cmss.ll,5.
930 4642 1112 4707 palestritred.
1165 4636 1187 4670 ⁴²
1205 4639 1280 4703 Opes
1294 4639 1518 4704 indulgentiuriae
1537 4640 1565 4687 iu

269 4740 349 4789 quem
368 4742 444 4776 ueram
464 4744 576 4778 remma
