3276 5414
261 373 309 444 90
524 386 590 437 llll.
659 402 797 436 ronrvru.
833 401 972 437 orauoers
992 403 1178 440 uvrrarucrs.
1198 389 1282 455 (toln.)

260 558 369 637 creptis
391 555 564 632 coningibus
593 554 705 616 soleant
734 556 845 625 mariti,
877 556 1092 634 conciliareque
1120 558 1185 620 illas
1213 560 1268 621 sibi
1298 579 1411 640 rnaguo
1433 564 1561 639 nogotio,

259 660 386 720 maruno
412 657 492 719 alere
519 663 654 736 sumptu;
695 658 764 736 ipsis
792 676 842 717 eas
869 659 994 718 vicissim
1022 658 1112 719 verba
1138 661 1224 731 dare,
1253 661 1347 723 lucari
1377 681 1413 723 ae
1441 682 1558 742 rapere,

258 761 364 821 deiude
388 759 538 820 facultates
562 758 611 818 ubi
634 758 797 838 absumptae
819 777 874 820 uec
896 761 953 818 iam
977 760 1047 820 ferri
1071 760 1195 821 ulterius
1209 763 1343 840 impensa
1369 765 1463 841 (quod
1479 783 1557 844 saepe

258 862 350 949 lieret)
381 862 485 938 possit,
516 862 668 940 imponere
695 859 775 930 illos,
804 860 958 930 fraudare,
987 861 1127 923 abiurare
1155 863 1304 933 debitum,
1333 867 1433 927 notari
1463 866 1502 926 ob
1530 867 1556 927 id

258 954 390 1031 iufamia,
419 962 526 1040 priraci
554 961 742 1030 sacerdotiis;
773 962 878 1023 exinde
907 965 935 1023 iu
964 964 1086 1024 morbos
1108 983 1167 1025 non
1191 964 1334 1026 babentes
1356 984 1418 1046 quo
1440 965 1575 1029 alanturs

258 1069 309 1123 arrt
330 1070 486 1130 curentur,
511 1064 539 1122 in
562 1081 676 1123 summa
699 1064 735 1123 ad
759 1080 894 1140 maguam
918 1066 1011 1141 redigi
1035 1067 1192 1127 miseriam.

191 1168 248 1219 t-tt.
323 1184 494 1226 nvrrsnvs.
532 1164 623 1243 lgitur
645 1183 704 1225 non
729 1165 797 1225 ridit
818 1172 932 1226 tantum
954 1167 1017 1228 lieri
1039 1166 1076 1225 ab
1100 1168 1134 1227 iis
1156 1167 1220 1228 baec
1243 1169 1396 1247 luppiter,
1425 1170 1481 1230 scd
1503 1178 1558 1231 sta·

258 1266 313 1326 tuit
335 1267 398 1344 ipse
419 1268 505 1327 etiarn
529 1265 605 1326 lrauc
627 1265 682 1326 illis
704 1271 840 1344 pernam?

320 1387 474 1428 rurrrvsii.
511 1366 553 1427 lta
576 1366 721 1431 dicentem
744 1368 847 1428 audiri.

320 1488 492 1531 serranus.
529 1469 565 1528 m
587 1488 655 1529 eum
678 1471 770 1546 magis
792 1489 879 1548 quarn
902 1478 931 1531 te
953 1490 1063 1532 cneum
1087 1490 1151 1532 esse
1173 1470 1350 1543 arbitrabar,
1373 1474 1425 1552 qui
1441 1490 1502 1533 nou
1517 1477 1588 1535 stu

260 1570 344 1631 deret
367 1591 415 1641 ea,
439 1589 534 1650 neque
557 1571 633 1631 euim
657 1573 681 1631 si
704 1571 829 1641 rideret,
853 1573 998 1632 contineri
1020 1572 1177 1634 credebam
1194 1589 1252 1651 quo
1268 1575 1368 1633 nriuus
1383 1576 1485 1635 omnia
1500 1594 1558 1636 uno

256 1673 285 1733 in
308 1671 373 1732 illos
394 1671 441 1732 die
464 1671 657 1732 eiacularetur
680 1672 809 1733 fulmina.

320 1794 473 1836 ronrvsa
510 1773 583 1835 Cara
614 1772 653 1833 illl
675 1775 821 1853 possessio
846 1774 956 1834 tulmen
979 1781 1037 1842 est,
1067 1776 1156 1851 igitur·
1173 1763 1242 1838 'ens
1263 1775 1330 1836 loco
1353 1796 1388 1837 ea
1411 1796 1480 1856 quas
1502 1779 1568 1857 dixi,

256 1874 408 1937 iaculatur.
454 1876 528 1937 addc
551 1877 629 1955 quod
652 1876 801 1936 orationes
822 1875 938 1945 diorrnt,
961 1877 1075 1954 quoties
1099 1884 1180 1936 tonat
1202 1876 1263 1943 ille.
1293 1880 1432 1956 praesenti
1457 1888 1557 1941 contra

258 1977 377 2039 fulmina
400 1978 575 2038 iuramento.
1565 1993 1586 2032 n

320 2100 492 2143 uvrrrrurs.
531 2079 609 2149 Quas
632 2086 732 2139 contra
756 2078 876 2138 morbos
898 2096 957 2138 uon
980 2078 1080 2139 dicunt
1103 2086 1132 2140 et
1154 2079 1352 2140 concubinast

189 2190 247 2240 §.rt
320 2202 473 2244 renerus.
511 2181 662 2249 Dicerem,
686 2199 754 2241 cum
776 2180 910 2240 maximis
931 2180 966 2240 ad
989 2198 1091 2259 pennas
1112 2180 1165 2240 bas
1188 2181 1397 2260 cupiditatibus
1412 2183 1553 2243 ferantur.

321 2303 494 2346 averanus.
532 2274 680 2359 lutellig'o‚
704 2302 720 2342 a
744 2281 862 2361 crapula
885 2281 981 2342 morbi
1003 2288 1088 2350 suut,
1112 2301 1127 2341 a
1151 2281 1484 2353 concubinismiscrias,
1507 2303 1555 2362 ap·

256 2385 485 2469 podismorum
516 2383 566 2444 sed
597 2402 655 2443 non
684 2385 713 2443 in
737 2402 839 2444 nrrrrres
860 2381 1007 2463 iaculatur
1033 2383 1096 2443 lucc
1125 2383 1246 2444 iulrniua
1269 2384 1417 2462 luppiter,
1449 2384 1556 2445 multos

258 2486 312 2546 vidi
336 2492 481 2564 perpetuo
506 2486 604 2546 felices
627 2488 704 2546 cuim
727 2487 790 2546 siue
812 2485 931 2554 labore,
955 2485 1017 2545 siue
1041 2487 1159 2561 negotio
1184 2493 1211 2545 et
1235 2503 1335 2564 opere.
1562 2505 1585 2543 n

322 2608 475 2649 ronrvrm.
513 2587 576 2665 Ego
598 2606 658 2648 non
683 2587 748 2647 vidi.
1156 2600 1161 2608 ·

190 2704 248 2753 los.
320 2709 493 2751 ascensuro.
530 2688 614 2749 llaud
643 2691 748 2750 mirum
778 2707 844 2749 cum
868 2687 939 2748 nibil
962 2688 1074 2755 rideas;
1103 2689 1127 2747 si
1154 2686 1256 2748 oculos
1284 2687 1336 2749 tibi
1359 2707 1430 2749 vero
1454 2691 1556 2751 reddat

257 2810 385 2871 uuquam
409 2790 555 2869 luppiter,
581 2797 612 2850 ut
635 2789 820 2869 crepulautes
841 2789 920 2857 illos,
950 2796 1113 2850 scortantes
1136 2797 1165 2850 et
1187 2792 1215 2849 iu
1239 2789 1360 2849 multam
1384 2810 1482 2869 usque
1505 2810 1554 2852 no·

257 2901 332 2954 ctem
356 2900 573 2972 pergraecnntes
596 2893 734 2952 intuearis
757 2894 867 2952 otiosos
889 2890 1062 2968 nullumque
1083 2891 1120 2950 ad
1144 2910 1245 2959 usum,
1269 2891 1339 2969 quid
1363 2892 1472 2953 facies?

339 3014 492 3057 ronrvsa.
530 2993 642 3054 Febres
665 2992 832 3060 confestim,
856 2993 1001 3071 podagras
1024 2999 1074 3051 aut
1096 2990 1159 3052 illas
1173 2993 1339 3060 immisero,
1365 3001 1397 3053 ut
1413 2993 1584 3073 luppitents

256 3096 443 3158 coricubinas.

319 3219 492 3260 uvrrnxrs.
530 3197 645 3259 Utinam
668 3196 769 3258 oculos
792 3195 910 3258 babeas.

319 3322 472 3362 ronrrsu
510 3299 658 3360 llabcam'?
691 3306 719 3359 te
749 3317 816 3359 rero
846 3300 870 3358 si
899 3315 1082 3376 conspexero
1113 3296 1324 3376 locupletatum
1358 3299 1416 3359 iarn
1451 3300 1553 3362 eadem

257 3408 364 3480 ageret

187 3508 245 3558 2⁸⁹·
319 3524 490 3565 uvernuvs.
527 3503 603 3564 'lum
627 3521 694 3563 rero
718 3502 873 3581 dupliciter
896 3503 947 3561 ista
971 3501 1100 3561 immitte.
1226 3508 1230 3517 '
1560 3517 1584 3558 u

318 3627 470 3668 ronrvm.
507 3607 544 3666 At
566 3605 677 3666 diritias
698 3606 787 3682 petis
818 3605 892 3664 riam
915 3603 951 3663 ad
973 3603 1136 3663 istiusmodi
1161 3603 1224 3662 ritae
1246 3621 1339 3681 genus
1362 3602 1496 3682 planam,
1525 3610 1553 3664 et

255 3727 327 3787 opes
351 3710 392 3768 ris
414 3708 541 3767 tribuam
565 3706 631 3776 1111,
655 3707 836 3767 irritamenta
859 3705 1019 3773 malorum,
1044 3713 1075 3764 ul
1097 3704 1145 3764 ille
1167 3704 1246 3764 dixit.

317 3830 490 3872 nrrrmrrs.
529 3809 606 3870 Nihil
628 3810 738 3877 ricinus,
762 3809 895 3877 domina,
919 3807 970 3867 sed
993 3825 1061 3867 cum
1083 3805 1225 3884 'llreogue

400 3903 497 3971 ὀὔτ’
522 3910 642 3990 ἔραμαι
665 3910 841 3987 πλουτεῖν,
865 3902 934 3969 οὔτ’
961 3903 1113 3987 εὔχομαι·
1138 3901 1224 3967 ἄλλα
1246 3927 1304 3986 μοι
1327 3909 1377 3986 εἴη

480 4011 540 4094 ζῇν
562 4006 629 4073 ἀπὸ
651 4011 719 4072 roiv
741 4004 880 4090 ὀλίγων,
904 4007 1010 4090 μηδὲν
1033 4009 1141 4090 ἔχοντι
1164 4004 1281 4071 κακόν.
1559 4023 1583 4063 as

254 4116 291 4178 Et
313 4123 345 4176 ut
367 4114 526 4184 l'iudarus,
556 4132 657 4175 sanam
685 4112 877 4173 substantiam
900 4130 934 4172 ao
956 4113 1136 4173 necessarias
1158 4112 1222 4171 rita>
1244 4112 1445 4190 possessiones
1468 4111 1551 4173 adse·

321 4300 415 4368 ²iplia
429 4319 476 4351 ens
491 4306 514 4350 2.
560 4298 580 4332 ¹⁸
594 4297 744 4365 orationes]
758 4299 940 4364 precationes.
988 4297 1010 4330 ²⁰
1024 4297 1105 4363 cuim]
1120 4298 1163 4347 Sic
1175 4301 1254 4347 minus
1266 4304 1336 4348 recte
1349 4298 1396 4348 boc
1408 4299 1551 4349 uocabulum

254 4388 402 4438 conlocabat
410 4389 444 4436 ll.
481 4384 503 4418 ¹⁸
514 4386 611 4436 endem
624 4383 717 4450 agere]
732 4384 861 4434 similiter
874 4400 908 4434 ec
921 4385 1080 4433 sacerdotes
1094 4385 1162 4433 istos
1175 4388 1202 4432 te
1216 4383 1319 4433 rivere.
1355 4381 1377 4414 ³²
1389 4383 1551 4433 iritnmenta

256 4475 279 4522 t.
299 4472 379 4522 Ovio.
389 4473 482 4525 met.I.
492 4471 547 4521 111).
595 4469 616 4502 ³³
629 4467 765 4535 Theogn]
779 4485 823 4519 rv.
845 4468 918 4518 1151.
932 4484 990 4533 sqq.
1010 4469 1105 4532 Neque
1120 4469 1201 4533 cupio
1214 4468 1329 4517 divitias
1341 4483 1432 4533 noque
1444 4484 1549 4533 precor,

254 4558 303 4608 sed
326 4557 406 4606 detur
428 4557 495 4606 milri
519 4559 611 4606 rivere
636 4556 746 4620 paneis,
772 4553 854 4603 nullis
877 4554 995 4603 obnoxio
1020 4553 1109 4602 nrnlis.
1163 4552 1185 4585 ³⁸
1203 4542 1363 4603 ουκ..οὐδ
1417 4547 1548 4603 (roem.

255 4640 277 4673 ³³
295 4631 393 4706 dtipor
407 4646 432 4691 2.
501 4640 523 4672 ³⁶
542 4642 678 4691 Pindarus
697 4640 804 4703 Olymp.
824 4640 856 4687 V.
871 4640 888 4688 i.
903 4640 922 4688 f.
942 4629 1059 4703 ὑγίεντα
1080 4631 1106 4688 δ’
1124 4634 1155 4687 εἴ
1169 4653 1211 4695 τις
1230 4626 1316 4703 ὄλβον
1333 4626 1452 4701 ἆρδει,Ι
1469 4629 1548 4701 deep

256 4718 328 4774 κέων
346 4719 488 4776 stinctum
508 4721 556 4776 καὶ
577 4715 710 4790 εὐλογίαν
733 4722 914 4788 praesidatu,
938 4717 976 4788 μὴ
1000 4714 1144 4788 μαντεύσῃ
1167 4716 1238 4781 θέας
1262 4719 1408 4786 γενέσθαι.
1446 4725 1549 4772 Senem
