3276 5414
385 410 610 479 [ιιιιιιιιιιιιιιιιιι]
647 428 744 465 nectes
763 426 933 489 nsnonarrs.
970 411 1057 475 (toto.)
1294 394 1367 464 525

10 596 47 643 Ιι
151 587 287 643 Eccius
325 586 392 642 Ecce
414 585 508 643 literae.

151 672 298 727 Canidia
335 671 404 726 Beue
427 680 481 732 cst
515 670 607 732 evole·
630 672 668 726 iu
691 670 775 727 altum
800 670 891 727 tollor.
934 671 988 727 lain
1015 671 1130 744 Lipsiam
1160 668 1289 741 inspicio,
1323 667 1369 723 de·

10 774 42 819 ³
87 757 267 813 secedendum
289 764 346 817 ost,
370 773 404 811 ne
426 756 545 812 haeretici
570 755 608 810 illi
631 755 751 828 Magistri
775 773 817 812 tue
839 756 959 818 videant
988 775 1018 812 ac
1039 756 1072 811 de
1096 753 1192 810 haeresi
1215 768 1257 808 me
1280 752 1369 826 inqui·

10 862 42 905 ιι
86 850 164 904 rant:
188 842 214 896 iu
237 849 316 915 prato
339 841 423 914 igitur
445 835 498 896 hoc
520 840 616 896 llorido
639 850 773 897 vectorem
794 839 961 914 relinquam·
983 849 1012 896 ut
1029 840 1149 899 iuterim
1172 838 1235 893 dum
1251 837 1366 898 redeam

13 953 38 994 ι
63 927 182 983 ahcrhis
204 926 246 982 his
269 925 414 982 odoriferis
437 933 555 982 ventrem
576 926 725 987 distendat,
754 925 867 998 pedihus
888 942 952 983 vero
975 926 1002 982 iu
1023 923 1157 982 civitatem
1179 939 1273 997 pergo.
1311 921 1368 977 Sal·
1377 923 1437 974 tlt.

10 1028 39 1083 ff
87 1019 164 1074 vete,
187 1020 327 1085 portarum
351 1010 485 1066 custodes.
523 1028 587 1067 ιιιιιιι
609 1011 674 1066 anilii
698 1010 815 1066 iudicare
837 1011 967 1084 potestis,
991 1010 1099 1066 ubinam
1121 1007 1229 1064 Iluberis
1252 1006 1368 1080 quidam,

10 1120 38 1170 {r
87 1096 130 1152 vir
151 1096 328 1157 sacerrimus.
350 1095 472 1151 habitati

152 1180 330 1236 C.ustodcs
369 1180 483 1236 Curram
506 1181 621 1253 quaeris?
644 1197 704 1235 uatu
727 1188 754 1236 et
777 1180 803 1236 id
825 1180 894 1237 scire
917 1179 1010 1236 refert

153 1265 302 1320 Canidia.
339 1265 443 1320 hiteras
465 1266 496 1320 ad
519 1282 580 1321 euru
603 1264 670 1321 lero.
695 1316 697 1321 .

10 1363 80 1432 „to
153 1351 333 1406 Custodes.
370 1350 438 1405 llcrie
461 1358 517 1410 est,
550 1368 610 1406 euru
641 1351 757 1423 priuuuu
786 1350 879 1406 urhcm
910 1351 1031 1423 ingressa
1061 1348 1144 1404 latoris
1173 1366 1204 1403 ae
1225 1362 1371 1422 parumper

27 1424 31 1433 ’
89 1435 273 1510 processeris,
307 1434 339 1489 ad
362 1434 453 1490 laevam
474 1435 615 1497 divertite,
650 1435 710 1490 iude
733 1453 793 1491 cum
815 1453 865 1509 per
887 1436 1060 1508 angiportum
1082 1434 1233 1506 proximum
1256 1433 1372 1489 intrave-

89 1521 128 1576 ris
151 1537 182 1575 ac
202 1520 376 1576 dextrorsum
397 1519 519 1583 flexeris,
542 1521 569 1575 iu
592 1520 712 1593 proaiiua
734 1518 857 1576 habitare
879 1519 1031 1594 proseucha
1053 1518 1188 1574 homiuem
1212 1517 1338 1576 iuvenies.

153 1604 301 1660 Canidia.
337 1605 410 1660 Proh
432 1622 512 1678 (puerit
534 1604 733 1678 labyrinthcum
757 1605 896 1661 iudicium!
927 1603 978 1661 Sed
1001 1603 1101 1660 tamdiu
1130 1598 1338 1658 obvenientes
1331 1619 1370 1658 ut·

91 1689 249 1762 terrogabo‚
272 1690 358 1746 donec
381 1689 426 1745 ubi
450 1689 584 1748 hlusarum
606 1689 728 1746 habitent
749 1689 861 1750 delitiae
891 1691 1040 1746 inveniam.
1074 1696 1115 1751 et,
1145 1688 1172 1743 ni
1200 1686 1296 1750 lallor,
1326 1687 1397 1744 luel
1405 1695 1437 1738 10-

57 1783 159 1830 assuat
181 1774 252 1831 aedes
274 1783 440 1830 monstratae.
485 1774 570 1837 Heus,
594 1775 674 1843 hetts,
698 1775 790 1848 ecquis
813 1775 917 1849 aperit?

156 1858 300 1915 lluheus.
337 1859 422 1921 Heus,
447 1860 528 1920 heus
551 1869 579 1915 et
602 1860 725 1934 quisnam
748 1860 821 1916 loros
844 1877 915 1916 tricas
939 1869 992 1916 tam
1016 1858 1140 1915 lnreuter
1162 1857 1280 1943 frangit?
1330 1862 1335 1872 '

155 1944 304 2000 Canidia.
341 1944 464 2000 Nomlutu
487 1945 572 2017 tetigi.
1015 1948 1047 2014 ἢ

155 2029 300 2085 liubeus
338 2028 434 2085 Verum
459 2038 485 2085 te
507 2028 629 2103 pulsasse
651 2030 816 2094 arbitrabar;
840 2031 887 2086 sul
909 2047 1052 2104 quetuuam
1075 2013 1194 2103 quaeris?

156 2113 305 2170 Canidia
342 2114 463 2170 llubeuut
486 2115 626 2209 quendam.

156 2199 301 2255 lluheus.
339 2199 367 2254 Si
388 2199 498 2255 doctum
521 2201 634 2274 quaeris,
653 2202 681 2256 is
703 2217 754 2274 ego
777 2219 845 2258 sttui.
884 2200 947 2274 quid
972 2201 1056 2300 igitur
1077 2198 1143 2255 velis
1166 2198 1273 2255 edicito

156 2284 304 2340 Canidia.
341 2284 445 2341 Literas
468 2285 534 2340 lero.

158 2368 302 2424 llnbcus.
340 2368 535 2442 Scriptasnel

158 2453 312 2509 Canidia.
349 2453 382 2509 Et
404 2453 559 2528 obsignatas
578 2456 699 2530 quoque.

159 2538 302 2594 llubeus.
339 2539 434 2594 Prolcr
457 2540 549 2612 igitur.

57 2635 86 2676 ιι
159 2623 305 2679 Canidia.
342 2624 431 2679 Primo
453 2626 561 2698 signum
584 2626 699 2700 inspice,
734 2643 794 2682 uam
817 2626 839 2682 si
862 2625 971 2682 lluheus
994 2624 1039 2680 ille
1061 2641 1104 2689 es.
1138 2642 1218 2699 quem
1247 2626 1442 2699 quartanam.
1485 2676 1501 2688 ,

94 2708 238 2765 confestim
262 2706 329 2764 illud
351 2726 508 2782 cognoscas.
802 2735 804 2740 ·

158 2793 304 2849 lluheus.
340 2793 425 2855 Proh.
455 2805 546 2852 sancta
576 2796 743 2869 lguotantia,
780 2796 937 2856 fortissimi,
972 2795 1122 2851 doctissimi
1150 2813 1180 2851 ac
1208 2795 1376 2870 insuperabi-

97 2878 191 2934 lissiiui
214 2877 306 2934 llocltii
329 2877 421 2935 literas
443 2897 533 2936 cerno.
571 2870 609 2948 ὡς
633 2870 744 2954 ἥδομαι
763 2875 813 2936 καὶ
832 2873 990 2954 τέρπομαι,
1018 2897 1079 2937 rum
1109 2881 1174 2937 tanti
1203 2882 1252 2936 viri
1281 2898 1377 2937 tuouu-

81 2973 185 3020 'meuta
205 2963 295 3019 solutu
318 2964 447 3037 inspicio,
471 2965 517 3021 sed
540 2974 568 3022 et
590 2966 723 3022 basioluru
746 2965 800 3022 illis
822 2965 934 3039 inligare
956 2965 1030 3024 libet.

58 3060 87 3101 ao
160 3047 309 3104 Canidia.
345 3049 399 3104 laur
420 3049 499 3122 plane
528 3058 554 3105 te
583 3050 657 3108 illum
685 3068 744 3107 esso
773 3051 905 3112 arbitror,
938 3068 1017 3124 quern
1048 3050 1172 3106 dominus
1202 3051 1374 3124 prcedieuhat.

59 3202 69 3217 .
96 3134 148 3189 Fac
170 3133 267 3206 igitur.
291 3141 323 3188 ut
344 3133 430 3191 literae
453 3135 588 3208 hlag-istris
610 3136 716 3192 Nostris
738 3137 948 3209 consignentur,
971 3144 1073 3208 elego
1096 3145 1259 3209 responsum
1282 3135 1443 3199 ferentia.

98 3236 159 3274 narn
180 3235 222 3273 rue
245 3226 276 3273 ut
295 3217 472 3275 accelerarem
495 3220 583 3276 iussit.
604 3257 606 3263 ι

162 3302 308 3359 lluheus.
346 3303 460 3377 lliguum
483 3313 510 3361 et
532 3306 634 3362 iustum
657 3312 713 3362 est:
737 3305 780 3361 hic
802 3306 888 3379 igitur
910 3305 1051 3380 opperire.
1074 3305 1161 3361 ‹loncc
1176 3314 1273 3362 ιιιιιιῑι
1290 3313 1378 3361 traus-
1446 3358 1448 3364 .

100 3389 185 3461 ignium
218 3389 388 3445 cominoilum
416 3390 487 3446 euim
514 3398 607 3464 patres
634 3390 781 3464 conscripti
808 3391 966 3464 cougregati
996 3398 1075 3456 suut,
1110 3398 1140 3445 ut
1167 3390 1200 3446 de
1216 3390 1377 3446 Cirtherauo

60 3472 243 3529 theousulaut
270 3474 395 3545 negotiu,
425 3475 557 3548 siquidem
579 3475 845 3548 Braudenhurgeusis
867 3474 1016 3549 Episcopus
1044 3471 1218 3569 xeapoaippov
1244 3476 1378 3549 quendam
1463 3508 1465 3515 ·

98 3559 150 3613 huc
173 3558 259 3619 misit,
283 3560 329 3631 qui
352 3559 389 3614 ita
410 3559 587 3616 lutherum
581 3577 607 3616 ιιι
638 3559 741 3616 favillas
769 3560 887 3634 religat,
919 3559 1176 3632 qucuiulmodurn'
1169 3575 1227 3632 ipse
1256 3560 1378 3615 titionem

98 3642 187 3704 illum,
212 3661 291 3716 ipuoru
314 3643 378 3699 oliui
401 3663 480 3700 tttuuu
504 3655 597 3701 totiens
619 3645 646 3700 iu
670 3645 757 3718 iguem
781 3643 948 3720 proiiciehat.

160 3728 316 3784 Canidia.
354 3729 470 3792 Amabo
493 3739 569 3786 estne
591 3731 756 3786 lutherus
750 3747 776 3786 ιιι
799 3729 923 3786 manibus
946 3730 1061 3788 rostris?
1384 3739 1447 3792 §.tn

161 3813 305 3869 llubeus.
343 3815 363 3869 0
386 3815 407 3869 si
431 3823 515 3875 essct.
539 3815 578 3872 vel
602 3816 651 3872 hac
673 3816 740 3871 hora
763 3833 813 3890 per
834 3815 1004 3878 llusitauam,
1033 3831 1113 3890 quatu
1135 3814 1249 3877 incedit,
1273 3813 1378 3871 inccde-

64 3899 248 3960 wrotham:
282 3915 373 3956 veruta
395 3917 455 3957 eum
486 3900 575 3962 adiest.
608 3919 663 3975 spuo
689 3901 752 3957 dolo
786 3900 916 3975 quibusve
944 3902 1115 3976 opprimatur
1143 3899 1295 3961 lraudihus.
1329 3899 1380 3955 iam

172 4080 179 4114 ¹
198 4081 252 4131 titt.
268 4085 293 4131 1.
345 4079 356 4114 ⁴
375 4082 402 4131 in
420 4087 500 4147 prato
519 4080 587 4148 tlon]
611 4081 646 4136 itu
665 4082 847 4154 dleltttgotltu.
871 4077 873 4080 ’
918 4080 939 4115 ¹²
956 4081 1118 4149 proseucha]
1137 4081 1382 4135 estanneio.

100 4165 158 4216 auo.
212 4164 232 4197 ¹³
251 4166 453 4232 labyrintheum
472 4167 598 4217 inditium
612 4172 685 4218 1...3.
732 4166 753 4200 ²⁸
773 4170 869 4231 ‘Quam
887 4169 994 4234 gaudeo
1013 4176 1041 4219 et
1057 4168 1153 4221 loetor’.
1171 4170 1230 4218 edd.
1243 4171 1260 4217 1.
1272 4185 1303 4218 ιιι.
1322 4164 1381 4217 trt-

101 4251 190 4316 stoph.
203 4250 275 4301 utut.
289 4249 347 4300 288.
375 4242 422 4310 Ὡς
439 4240 547 4318 ἥδομαι
566 4249 614 4302 ael
631 4247 770 4318 τέρπομαι
788 4249 838 4304 καὶ
855 4246 992 4318 βούλομαι
1011 4251 1154 4318 χορεῦσαι.
1223 4251 1245 4284 ⁸⁶
1263 4251 1381 4302 ‘Chirur-

101 4338 181 4400 gtrm'.
200 4338 217 4384 ι’.
230 4351 261 4384 ιιι.
271 4339 325 4385 M.
362 4337 404 4386 Da
417 4336 572 4386 Brandenb.
587 4339 671 4403 episc.
685 4337 721 4388 cl.
735 4337 849 4388 Lutheri
863 4338 897 4388 ed
910 4338 1075 4403 Stuupitium
1087 4337 1292 4388 euocatus.
1308 4334 1381 4387 tatu.

102 4420 158 4476 det.
172 4421 253 4485 epist.
278 4421 322 4482 (de
336 4422 427 4471 Wetta
445 4423 467 4471 1.
481 4438 506 4486 p.
519 4421 577 4473 ate.
595 4422 720 4471 Aurifnb.
735 4423 755 4472 1.
769 4422 840 4488 etti.)
860 4423 1032 4489 „Episcopus
1050 4438 1125 4473 meus
1137 4423 1382 4487 Brundenburgen·

101 4506 139 4554 sis
158 4511 306 4554 monstrum
325 4507 456 4571 parturit,
475 4506 672 4570 bonushomo,
693 4507 908 4558 etsicuthloab
926 4507 987 4573 plus
1004 4522 1170 4573 praesumens
1189 4522 1268 4572 quoru
1286 4506 1381 4572 possit.

101 4591 211 4639 Dixisse
231 4592 330 4653 lectur,
350 4607 404 4641 non
422 4593 616 4643 reclinaturum
634 4607 664 4641 sc
684 4597 767 4657 eaput
784 4593 919 4655 suaviter,
939 4593 992 4642 uisi
1005 4594 1080 4657 prius
1091 4592 1258 4642 Mertiuum'
1250 4606 1278 4640 ιιι
1291 4592 1384 4655 ignem

101 4676 246 4738 pronciat,
264 4677 338 4726 sieut
356 4675 493 4739 titionem,
514 4677 612 4743 inquit,
631 4677 728 4740 istum,
748 4692 827 4743 quesn
845 4678 906 4728 haee
923 4677 1019 4765 dicens
1036 4676 1142 4727 simul
1134 4677 1271 4742 inignem
1291 4675 1383 4726 conie-

102 4759 167 4809 cit’.
188 4775 366 4811 ιιιιιιιιιιιιιιι.
