3330 5408
208 381 281 452 572
648 407 765 443 mittunt
789 405 1059 444 rstvoont'rvntttct.

183 569 316 640 dilium:
351 570 400 623 imn
424 569 495 623 enim
519 577 649 624 semestre
672 568 775 639 agitur,
809 575 837 622 et
859 565 928 620 alins
962 563 1003 636 (nt
1031 562 1122 637 analio)
1155 565 1225 639 apud
1247 564 1376 621 Garulann
1408 582 1498 639 regem

207 655 388 712 &manorum
413 654 438 708 in
461 653 521 710 aula
543 662 674 709 versatur.

272 739 505 811 Superstitio.
542 737 589 794 llle
611 737 728 798 nebulo,
763 737 808 810 qni
832 735 945 810 plebem
969 736 1121 809 persuasit,
1155 752 1188 790 ne
1220 735 1285 808 qaid
1307 735 1499 792 contribueret

208 825 236 881 io
255 823 311 881 divi
332 823 405 879 Petri
427 822 580 885 basilicam,
609 818 681 896 qnod
703 822 768 878 dolo
792 839 835 877 res
858 821 963 894 agitur,
991 828 1021 878 et
1042 838 1093 894 pro
1115 819 1225 876 laasilica
1249 819 1381 894 palatium
1405 821 1498 876 Ponti·

208 908 266 964 dcis
287 917 463 964 construatur
484 908 687 982 sumptuosius,
717 906 1006 980 iiaagnilIceptiusqne?
1039 922 1101 961 naar
1128 904 1193 962 illue
1220 904 1325 980 lapides
1354 906 1406 962 iarn
1434 923 1522 979 per-⁵

206 991 308 1066 politos
332 1003 412 1049 noctu
436 993 493 1048 vehi
517 993 717 1049 criminabatur.

271 1078 399 1134 Pietas.
435 1077 615 1134 Ilentielntnr
638 1078 740 1151 igitur?

140 1168 199 1219 §.aa
274 1162 506 1236 Superstitio.
543 1163 729 1237 Nequaquam.
759 1162 806 1219 sed
828 1171 858 1219 nt
880 1179 925 1217 res
953 1170 1012 1217 erat
1040 1161 1159 1217 narravit
1187 1161 1375 1235 apertissime:
1406 1179 1497 1218 verum

208 1246 260 1304 hoc
281 1248 400 1304 cuiusvis
422 1247 583 1322 impostoris
604 1265 659 1305 non
683 1257 741 1304 erat
762 1264 882 1321 carpere.

271 1332 395 1388 Pietas.
434 1332 461 1388 Si
488 1351 556 1406 ergo
584 1331 639 1390 illis
666 1332 734 1419 ΙιιιιΙ
755 1333 926 1406 delinquere.
960 1331 1023 1403 qnid
1057 1349 1112 1389 non
1145 1332 1197 1388 hoe
1229 1333 1369 1391 incessere
1401 1331 1529 1389 dchnitn

207 1417 379 1490 Pasquillus'?
459 1421 462 1426 ’

273 1502 435 1575 Supersti
447 1504 503 1565 tio,
541 1504 658 1560 l'ilievim
674 1502 866 1577 ingurgitata,
891 1511 937 1558 aut
951 1502 1149 1576 quamprimum
1165 1502 1348 1575 suspendetur
1364 1504 1391 1557 in
1407 1520 1497 1564 cmree,

209 1585 255 1641 ubi
278 1587 390 1643 redierit
411 1588 530 1644 Romam.

272 1672 400 1729 Pietas.
438 1673 476 1729 Eo
498 1675 585 1746 magis
606 1674 740 1747 pandetur
761 1674 874 1734 veritas,
908 1690 969 1746 qum
996 1673 1055 1728 eius
1084 1681 1188 1728 naturae
1211 1681 1268 1734 est,
1301 1680 1331 1727 ιιι
1354 1690 1445 1747 neque
1468 1691 1496 1728 se

140 1756 350 1814 §.auolscursn
374 1759 506 1831 patiatur,
529 1767 557 1815 et
579 1759 601 1814 sl
625 1761 827 1832 supprimatur,
856 1762 979 1831 erumpat
1002 1767 1090 1813 tamen
1112 1757 1265 1830 aliqnando.
1309 1755 1385 1823 Quot
1407 1758 1526 1814 henosis

209 1851 237 1897 et
260 1842 378 1914 optimos
401 1844 473 1898 viros
495 1843 547 1899 line
570 1842 726 1899 barathrum
750 1843 905 1916 absorpsit?
939 1843 1001 1915 qnid
1024 1843 1095 1898 eninr
1125 1842 1162 1897 illi
1192 1859 1247 1897 vion
1276 1842 1396 1899 antlentl
1430 1861 1496 1917 quas

209 1926 317 1982 fraudes
340 1945 394 1982 non
418 1928 598 1984 rrieditantnrl
628 1947 687 2002 qim
710 1936 877 1989 cornarienta,
901 1945 968 2000 qnas
997 1928 1124 1987 astartias.
1152 1925 1328 1989 calliditates.
1356 1927 1496 2002 aleeeptio·

209 2029 270 2071 vves,
295 2011 450 2075 illusiones,
475 2013 607 2076 fallacias,
629 2013 818 2087 duplicitates,
842 2014 1020 2086 imposturas,
1038 2012 1179 2085 figrnenta,
1196 2012 1320 2074 technas,
1335 2011 1495 2075 calumnias,

209 2095 386 2159 valrarnenta,
410 2097 631 2172 versipellitates,
654 2098 748 2161 dolos,
772 2097 972 2160 simulationes,
998 2098 1097 2158 tratas.
1121 2096 1328 2170 sycophantias,
1343 2098 1499 2172 captiones,

209 2176 309 2242 viliela,
333 2183 455 2255 pedicas.
479 2183 605 2256 laqueos,
628 2185 733 2246 foveas,
756 2184 955 2257 grassationes,
978 2183 1182 2258 contentiones,
1205 2183 1525 2253 guerraslactiouesae

210 2265 317 2338 levigas,
342 2268 570 2340 inquietationes,
594 2268 750 2332 violentias.
775 2268 959 2329 tarrhationes,
982 2268 1083 2329 nainas,
1097 2267 1311 2339 tribulationes,
1328 2268 1504 2327 veisavtIones.¹

209 2351 435 2414 vriaehinationes,
459 2352 613 2414 nvolestias.
638 2354 762 2415 insidias,
787 2353 862 2415 lites,
887 2352 1051 2414 sirnnltales,
1074 2352 1249 2414 invideutias,
1280 2370 1423 2414 rancores,
1448 2354 1495 2409 tri·

158 2484 160 2489 .
208 2453 266 2496 aeas,
290 2436 547 2498 cirruavnluctinnes,
571 2439 705 2512 gryphos,
728 2439 871 2511 ambages,
895 2438 1152 2500 circumventiones,
1180 2436 1379 2510 expilationes,
1401 2456 1494 2494 corro-

208 2519 314 2582 siones¹
337 2523 547 2583 concussiones,
572 2525 733 2596 rapacitates
756 2525 897 2598 harpyias,
934 2524 1095 2579 voracitates
1116 2523 1240 2585 maleas,
1275 2521 1384 2596 lupinus
1413 2541 1494 2597 appe·

210 2605 324 2669 tentiae,
356 2606 471 2681 scyllas,
503 2608 667 2682 clrarybdes,
700 2610 810 2672 (lamna,
844 2609 973 2670 iacturas,
1002 2609 1123 2681 rapinas,
1150 2606 1304 2680 dispendia,
1339 2607 1526 2669 abusionestt

208 2692 395 2764 corruptelas,
417 2693 619 2756 deformitates,
643 2694 780 2757 audacias,
798 2694 978 2754 temeritates,
995 2692 1090 2766 llagra,
1109 2692 1305 2766 turpitudines,
1324 2693 1494 2749 incontinen-

40 2798 43 2805 ·
139 2780 199 2830 ιιι.
208 2775 276 2837 tias,
299 2776 510 2839 malivolentiae,
535 2776 676 2852 perfidias,
700 2779 909 2852 perversitates?
943 2778 1010 2845 Quid
1034 2776 1117 2850 igitur
1139 2779 1162 2833 si
1185 2785 1213 2834 et
1234 2776 1403 2851 Pasquilluvn
1425 2778 1494 2834 male

207 2861 376 2924 tractabunt,
400 2872 427 2919 et
451 2863 596 2920 llnttennm
619 2864 750 2938 denique,
774 2873 801 2921 et
823 2881 880 2927 me,
904 2873 931 2919 et
954 2863 1027 2918 illins
1050 2863 1107 2919 lnlii
1131 2862 1288 2924 authorem,
1318 2862 1340 2917 si
1364 2866 1494 2920 nossent?
1582 2871 1587 2884 '

270 2946 501 3020 Superstitio.
539 2948 660 3005 llaeccine
689 2948 788 3022 religio
819 2958 877 3010 tna,
912 2968 927 3004 o
955 2949 1061 3005 Pietas?
1095 2949 1153 3005 haee
1182 2964 1232 3021 pax
1261 2955 1318 3008 tua,
1351 2948 1492 3021 patientia,

206 3030 415 3103 longanimitas?
439 3051 500 3104 qnae
521 3033 602 3089 doces
625 3050 679 3090 nou
702 3051 762 3090 esse
785 3034 968 3095 irascendum,
992 3035 1019 3089 in
1043 3032 1111 3089 tales
1127 3031 1311 3089 contumelias
1326 3036 1525 3108 prorumpisaa

268 3116 395 3172 Pietas.
434 3118 506 3173 Unde
531 3119 609 3174 irasci
635 3118 682 3173 tihi
706 3118 812 3182 videor,
835 3137 866 3175 ex
888 3118 964 3174 uultu
988 3135 1035 3182 ne,
1059 3136 1091 3174 an
1115 3135 1195 3179 voce,
1217 3134 1250 3172 an
1272 3117 1438 3179 encolore,
1459 3136 1492 3174 aa

205 3201 285 3257 etiarn
309 3220 341 3257 ea
363 3202 452 3258 verinis
476 3204 529 3259 tuis
551 3213 707 3276 correptum
730 3223 790 3260 esse
813 3205 851 3259 iva
874 3203 1024 3277 intelligis?
1047 3203 1091 3259 ubi
1116 3203 1187 3259 rides
1210 3202 1238 3257 in
1258 3218 1302 3257 nie
1318 3201 1415 3258 oculos
1437 3212 1493 3258 tru-

205 3304 264 3348 ces,
288 3304 319 3341 os
343 3287 496 3349 tnrliidnm,
521 3289 660 3343 trementia
685 3288 776 3344 lalnu‘?
800 3306 887 3362 neque
910 3289 1063 3345 immaniter
1083 3287 1186 3353 clamo,
1209 3303 1297 3360 neque
1320 3287 1347 3340 in
1370 3292 1492 3361 spiramen

206 3370 365 3427 rnlvorernve
394 3373 554 3434 ellerveseo,
590 3390 676 3446 neque
705 3374 827 3447 pudenda
856 3374 915 3430 alico
944 3382 988 3429 ant
1019 3373 1186 3447 paenitenda:
1220 3372 1308 3428 omnia
1336 3372 1408 3428 enim
1431 3391 1491 3428 vera

137 3463 286 3512 sansana:
321 3466 442 3530 terripero
465 3468 553 3513 tamen
577 3459 655 3522 mihi,
690 3460 763 3533 qnod
785 3459 865 3515 seiani
889 3475 931 3513 ine
950 3456 1016 3513 nihil
1043 3458 1113 3531 apud
1142 3466 1168 3514 te
1196 3456 1316 3518 efficere,
1350 3456 1390 3513 vel
1421 3458 1523 3533 apndn

204 3539 266 3595 illos
289 3542 385 3598 etiam.
409 3560 525 3615 qnorum
549 3543 614 3600 illnd
638 3544 767 3611 intererat
790 3543 939 3601 emendare.

268 3625 500 3701 Superstitio.
537 3627 587 3696 Qui
610 3629 681 3685 scis?

266 3711 392 3767 Pietas.
430 3711 495 3779 Quia
519 3712 670 3769 iavndudarn
694 3715 812 3769 frontem
836 3714 961 3769 induistis
984 3713 1148 3775 irreretrieis,
1172 3729 1259 3785 neque
1281 3711 1401 3785 potestis
1420 3712 1490 3769 ultra

203 3797 378 3853 erubescere:
401 3797 535 3871 completa
558 3808 601 3855 est
621 3800 692 3857 oraim
716 3798 818 3856 rrialieia
842 3807 944 3855 vestras
968 3798 1058 3854 omnia
1080 3816 1141 3872 qnae
1164 3797 1228 3853 olim
1250 3797 1283 3853 de
1304 3797 1408 3853 cannati
1431 3797 1490 3852 llic·

203 3879 319 3937 rnsalem
343 3890 370 3936 et
392 3882 477 3938 lundata
501 3902 514 3938 a
539 3883 678 3958 prophetis
702 3885 857 3945 vaticinata,
881 3901 951 3939 narare
974 3884 1001 3938 in
1020 3883 1132 3938 eeclesia
1149 3882 1246 3937 Christi
1261 3881 1397 3954 completa
1413 3892 1489 3939 sinit:
1503 3902 1523 3940 ae

126 3966 294 4044 §.strideas
318 3967 368 4021 iarn
392 3968 418 4022 in
442 3966 553 4023 ecclesia
584 3969 801 4042 inqieritissimos
829 3986 954 4042 quosque
981 3969 1093 4030 dvirere,
1122 3967 1310 4024 administrare
1338 3967 1488 4024 sacenlotia

204 4058 231 4107 et
254 4060 394 4126 osaiptatas
416 4053 591 4126 praelaturas.
615 4054 749 4115 abbatias,
773 4055 983 4128 praeposituram
1012 4053 1121 4127 spurios
1149 4060 1178 4108 ot
1198 4068 1336 4108 inarrseres
1358 4052 1489 4111 adhiberi.

203 4134 235 4190 de
259 4136 357 4209 quilins
380 4154 434 4191 nam
458 4138 484 4192 in
508 4140 590 4193 veteri
614 4138 673 4212 lege
697 4137 783 4194 solnm
807 4148 971 4213 praeceptum
995 4138 1097 4199 luerat,
1129 4154 1161 4193 ne
1185 4137 1333 4192 introirent
1355 4137 1384 4192 in
1407 4137 1490 4194 ecele-

269 4402 378 4469 ⁴I‘nsq.
393 4404 448 4453 Cir.
462 4407 502 4466 ξς.
517 4404 556 4455 10.
571 4421 628 4470 sqq.
681 4403 701 4437 ²¹
721 4404 825 4471 brigas]
838 4407 900 4456 Ital.
914 4405 1190 4469 briga=molestia‚
1206 4390 1337 4469 iurgium.
1385 4403 1408 4438 '⁸
1426 4405 1488 4456 Iulii

202 4456 434 4553 auth.]I'anstum
446 4490 632 4540 Andrelinnm.
679 4492 702 4551 §-
715 4487 770 4555 312]
785 4492 855 4541 Puto
868 4492 978 4541 Crotum
993 4491 1097 4540 sardine.
1132 4489 1342 4541 ”Isainnz
1379 4489 1488 4556 “pleu-

202 4579 278 4621 turas
293 4576 318 4621 3.
338 4571 638 4639 (seilicet‘falcaturas1.)v
677 4590 749 4640 spur.
764 4581 792 4624 ct
810 4571 958 4638 manseres]
972 4576 1014 4623 De
1033 4575 1239 4639 irregularitate
1259 4591 1291 4624 ex
1309 4575 1424 4626 deiecta
1442 4586 1487 4626 ns·

201 4656 297 4705 talium
317 4659 514 4708 el,1›euter0n.
528 4659 630 4709 XXIII.
645 4661 669 4708 2.
689 4660 813 4709 (aretina.
828 4661 934 4709 decreti
952 4665 1023 4723 part.
1038 4660 1058 4709 1.
1073 4659 1186 4712 ‹list.56.
1223 4660 1290 4725 Cap.
1306 4659 1329 4709 I.
1345 4667 1373 4710 et
1385 4662 1487 4727 passim

202 4741 236 4789 Χ.
250 4740 284 4790 de
303 4741 368 4790 filiis
387 4743 607 4807 premiyterorum
626 4743 786 4793 ordinandis
805 4744 849 4797 vel
867 4759 922 4795 non
941 4745 962 4794 l.
980 4742 1018 4795 li.
