3276 5414
246 408 321 459 Vlll.
392 422 483 458 avaut
503 423 525 458 s.
545 423 707 457 uvaurcmi.
761 423 902 458 nratoovs
921 423 1106 458 avrrrmcra.
1141 406 1228 474 (ism.)
1312 393 1384 466 327

93 583 144 648 tis,
168 579 266 639 butiro
290 579 367 638 vesci
390 578 506 639 dabitur
530 579 709 637 ieiuniorum
732 577 846 657 dielms,
871 585 900 637 ot
922 580 1034 647 arium,
1057 580 1081 638 si
1099 579 1228 648 ridetur,
1251 581 1328 649 oris,
1353 599 1387 640 ac

91 681 137 739 tos
159 681 206 741 die
228 679 371 741 inebriari
394 682 548 747 oerorisia;
576 679 677 739 adeste
700 679 819 748 Polooi,
849 680 926 739 haud
942 680 1036 756 'louge
1060 687 1131 758 puto
1154 682 1261 741 consti·
1284 676 1385 763 {eoum

95 785 164 851 tuti,
189 789 221 843 ut
241 802 288 842 me
312 801 379 842 oum
402 784 552 850 inseritis,
577 790 720 859 perpetuo
744 782 836 840 iurari
861 781 943 840 rolds
966 781 1065 849 liceat:
1094 782 1193 842 audite
1222 800 1284 852 roe,
1312 783 1387 842 iula-

93 902 169 952 mes,
200 892 233 944 ut
255 885 465 950 restituamini,
494 883 676 961 Symouiaci,
706 890 738 943 ut
764 884 940 960 ingratiam
968 882 1109 953 redeatis,
1140 884 1332 945 imrreratores
1354 903 1388 945 ae

70 985 277 1062 edireptores,
301 993 332 1046 ut
354 985 429 1045 male
453 985 582 1063 quaesitis
604 974 646 1043 uti
669 983 751 1045 vobis
774 983 855 1043 nullo
877 983 990 1045 scelere
1012 984 1107 1045 liceat.
1185 1047 1190 1055 ,

153 1107 326 1148 uvrrauvs.
364 1086 494 1164 Tempus
516 1093 576 1155 est,
604 1092 637 1146 ut
660 1084 787 1163 vapules.
1396 1111 1454 1161 pm,

154 1208 265 1248 avuta,
302 1189 435 1257 Periisti,
459 1190 558 1248 miser.

155 1310 327 1351 rrv'rrrmvs.
366 1290 409 1351 Tu
433 1289 551 1369 quidem
575 1289 726 1366 vapulasti.
764 1299 851 1366 atqcue
874 1308 910 1349 en
934 1289 996 1349 tibi.

153 1411 262 1451 avum.
299 1391 354 1451 llei
378 1391 465 1451 milri!
494 1397 556 1450 esto
578 1389 703 1459 auxilio,
727 1410 796 1450 oves
819 1391 942 1450 Christi!
1215 1398 1222 1468 Ι
1247 1414 1378 1450 uouemus

156 1512 329 1554 uvaruuvs.
368 1493 434 1554 lion
457 1493 580 1554 audiunt
599 1495 654 1552 uisi
677 1495 804 1570 pastoris
828 1511 946 1562 rocem,
970 1492 1082 1571 rapula.

154 1613 264 1654 avum.
302 1594 369 1654 lura
392 1613 455 1664 me,
479 1592 634 1654 brachium
657 1593 797 1654 seculare.
1254 1592 1378 1677 13:55¹&

154 1715 328 1756 niarasis.
367 1695 510 1757 Verberet
531 1698 637 1773 potius.
674 1696 742 1756 hem
766 1695 827 1756 tibi.
1291 1755 1298 1769 ,

153 1816 263 1857 evuco.
301 1796 409 1874 Ecquis
437 1797 516 1856 launo
544 1815 656 1858 veneno
684 1797 772 1857 audet
804 1796 849 1856 vel
878 1797 958 1856 ierro
987 1797 1133 1859 conficere
1159 1799 1308 1858 honinem
1339 1814 1453 1864 sat-tra.

90 1897 249 1975 rrilegum,
274 1897 475 1965 maledictmm
500 1883 800 1968 excommunicatum]
824 1897 916 1958 lilium
938 1899 1090 1968 Sathauae,
1113 1899 1337 1971 mutabilitatum,

57 2024 80 2060 m
153 2020 328 2062 uvrreuvs.
366 1999 508 2070 Pulchre,
532 1999 570 2059 olt
593 2001 681 2077 idque
705 1999 816 2078 vapula.

153 2121 263 2162 avum.
302 2101 413 2162 directe
435 2099 480 2161 vel
503 2101 659 2171 indirecto,
682 2100 799 2181 publice
821 2101 864 2162 vel
886 2100 1017 2172 occulte,
1039 2119 1095 2181 per
1109 2120 1140 2163 se
1156 2102 1201 2164 vel
1215 2121 1269 2183 per
1285 2103 1384 2173 alium,

92 2205 178 2264 etiam
201 2204 230 2262 in
254 2201 319 2262 looo
342 2221 437 2263 sacro.

153 2324 325 2364 arrarum.
362 2304 527 2365 Admodum
550 2305 667 2373 Latine,
697 2305 749 2366 sed
771 2307 872 2383 accipe
895 2306 932 2367 de
954 2308 1099 2367 sementis
1121 2306 1238 2366 iuterim
1261 2304 1363 2385 plagis.

155 2426 263 2466 arvitus.
302 2405 377 2476 Ouid
400 2423 447 2465 me
470 2406 575 2489 cardis?

56 2531 68 2568 a
155 2526 327 2569 uvrrauvs.
364 2507 428 2567 lloc
450 2508 528 2586 quod
551 2507 639 2568 vides.

154 2631 264 2671 evoca.
301 2609 432 2672 'laudem
455 2609 579 2670 ‹lesiuis‘l

156 2731 329 2772 uvrrauvs.
368 2711 524 2790 Postquam
549 2711 679 2772 delitum
703 2711 951 2781 adnumeravero;
975 2713 1085 2791 accipe.

153 2831 263 2873 avaut.
301 2812 381 2879 lieu,
404 2812 477 2873 heu!

153 2934 324 2975 livr'rurtvs.
362 2914 452 2974 Teuc.

53 3040 79 3077 ez,
152 3035 261 3076 avuta.
299 3014 395 3075 Eheu!

155 3136 326 3179 avrrauvs.
365 3116 455 3177 Tene.

153 3239 263 3279 urimo.
301 3217 529 3279 Misericordiam
555 3227 584 3279 et
605 3220 837 3280 miserationem!

153 3339 325 3381 uvrruuva.
362 3320 411 3380 stc
433 3321 550 3381 landem
574 3321 723 3381 utilescit?
1395 3341 1455 3390 §.rt

71 3426 74 3431 ⁴
152 3442 263 3483 avuta.
302 3422 377 3493 Quid
401 3424 430 3483 ni
453 3423 602 3483 mitescam
626 3422 719 3501 plagis
741 3423 794 3482 abs
816 3431 844 3483 te
867 3421 1051 3500 permollito?
1081 3442 1137 3484 uec
1158 3425 1221 3484 riva
1247 3425 1304 3485 iam
1334 3443 1388 3484 uec

53 3529 207 3591 mmortua
234 3542 309 3584 sum.
347 3542 417 3583 ecce
444 3531 542 3584 autem
566 3523 671 3585 vulnus
693 3524 807 3585 dedisti.
846 3542 1016 3586 ocauoues
1046 3534 1074 3586 et
1103 3525 1220 3586 decreta
1244 3520 1251 3590 l
1273 3523 1387 3601 ξξξοξῆψ·

91 3631 119 3684 et
142 3626 268 3702 egregiae
291 3624 470 3686 llecrctalesl

153 3746 326 3787 armamus.
365 3726 439 3796 Quid
470 3728 631 3789 vociferare
661 3727 804 3806 amplius?
837 3746 896 3789 non
923 3730 1001 3789 vetui
1029 3735 1096 3789 ante
1126 3729 1230 3806 parilii,
1265 3727 1387 3807 proptor

89 3845 176 3888 senes
197 3826 280 3887 illos?

153 3940 263 3990 avoca.
301 3930 338 3988 dt
358 3949 406 3990 me
429 3929 513 3990 dolor
536 3931 615 4009 cogit
637 3929 768 3990 oblivisci
791 3940 820 3992 et
834 3950 938 3992 senum
955 3935 1077 3993 istorum
1094 3941 1123 3992 et
1140 3934 1195 3993 moi
1212 3933 1269 3992 iam
1286 3933 1385 4009 ipsius.

54 4060 80 4099 31.
154 4051 329 4093 avrrauvs,
366 4031 477 4091 'lameu
500 4031 619 4110 rapula:
652 4050 719 4092 nam
743 4033 812 4111 quid
835 4052 929 4111 nugas
951 4035 1086 4094 iuvocare
1115 4034 1255 4103 maluisti,
1286 4034 1387 4094 (lecre-

91 4131 162 4191 tales
185 4135 254 4192 istas
276 4134 374 4210 potius
397 4151 484 4210 quam
507 4133 552 4192 ius
575 4141 603 4193 et
622 4136 760 4219 mqrmml

152 4254 263 4295 avoca.
301 4232 393 4295 Oius
416 4241 445 4295 et
468 4252 585 4312 aequum
609 4235 713 4313 igitur!
1396 4259 1457 4308 tro.

153 4355 326 4399 avarauvs.
363 4335 453 4397 Teuc.

1151 4431 1171 4470 o

156 4571 168 4604 ⁸
187 4573 274 4623 iurari
293 4571 381 4639 vobis]
401 4573 720 4640 ur.1cpp.o.v.11.1u.
740 4573 872 4637 „Salute-
891 4576 970 4625 vobie
988 4574 1081 4640 plures
1099 4576 1187 4638 Quam
1206 4576 1317 4625 suntin
1336 4577 1387 4626 l'o·

88 4659 163 4708 lonie
182 4660 257 4708 fures
275 4665 323 4709 etc.
371 4659 392 4692 ¹⁰
411 4660 549 4727 Ci.supra
568 4661 621 4710 vol.
637 4661 657 4709 1.
678 4660 910 4724 conquestiones,
928 4663 1032 4725 possim.
1088 4659 1107 4691 ¹¹
1127 4663 1169 4710 De
1187 4660 1303 4710 brachio
1322 4677 1387 4711 soec.

91 4745 224 4795 invocato
237 4744 274 4794 ef.
289 4744 521 4809 Conquestiones,
536 4746 649 4812 possim.
699 4743 719 4776 ¹⁴
738 4744 927 4795 inobilitotum
940 4747 998 4797 edd.
1017 4745 1110 4795 Verba
1122 4745 1206 4796 bullae
1220 4750 1388 4810 repetuntur.
