<?xml version="1.0" encoding="UTF-8"?>
<!DOCTYPE html PUBLIC "-//W3C//DTD XHTML 1.0 Transitional//EN"
    "http://www.w3.org/TR/xhtml1/DTD/xhtml1-transitional.dtd">
<html xmlns="http://www.w3.org/1999/xhtml" xml:lang="en" lang="en">
 <head>
  <title>
</title>
<meta http-equiv="Content-Type" content="text/html;charset=utf-8" />
  <meta name='ocr-system' content='tesseract 3.04.00' />
  <meta name='ocr-capabilities' content='ocr_page ocr_carea ocr_par ocr_line ocrx_word'/>
</head>
<body>
  <div class='ocr_page' id='page_1' title='image "./ulrichihuttenie10huttgoog_0482.png"; bbox 0 0 3276 5414; ppageno 0'>
   <div class='ocr_carea' id='block_1_1' title="bbox 377 401 1448 470">
    <p class='ocr_par' dir='ltr' id='par_1_1' title="bbox 377 401 1448 470">
     <span class='ocr_line' id='line_1_1' title="bbox 377 401 1448 470; baseline 0.003 -10"><span class='ocrx_word' id='word_1_1' title='bbox 377 428 401 460; x_wconf 75' lang='lat' dir='ltr'><strong>P.</strong></span> <span class='ocrx_word' id='word_1_2' title='bbox 416 428 441 460; x_wconf 82' lang='grc' dir='ltr'><strong>Α.</strong></span> <span class='ocrx_word' id='word_1_3' title='bbox 457 428 481 460; x_wconf 80' lang='lat' dir='ltr'><strong>t&#39;.</strong></span> <span class='ocrx_word' id='word_1_4' title='bbox 497 428 632 462; x_wconf 53' lang='lat' dir='ltr'><strong>Lt&#39;tttsttttvrt</strong></span> <span class='ocrx_word' id='word_1_5' title='bbox 652 429 686 460; x_wconf 74' lang='lat' dir='ltr'><strong>nt:</strong></span> <span class='ocrx_word' id='word_1_6' title='bbox 705 429 789 462; x_wconf 76' lang='lat' dir='ltr'><strong>‹itttrv</strong></span> <span class='ocrx_word' id='word_1_7' title='bbox 810 429 880 462; x_wconf 68' lang='lat' dir='ltr'><strong>trull</strong></span> <span class='ocrx_word' id='word_1_8' title='bbox 902 429 925 460; x_wconf 82' lang='grc' dir='ltr'><strong>Ρ.</strong></span> <span class='ocrx_word' id='word_1_9' title='bbox 941 429 969 461; x_wconf 75' lang='grc'><strong>11.</strong></span> <span class='ocrx_word' id='word_1_10' title='bbox 1023 429 1048 461; x_wconf 79' lang='grc' dir='ltr'><strong>Α.</strong></span> <span class='ocrx_word' id='word_1_11' title='bbox 1065 429 1090 461; x_wconf 88' lang='grc'><strong>1).</strong></span> <span class='ocrx_word' id='word_1_12' title='bbox 1106 429 1232 463; x_wconf 59' lang='lat' dir='ltr'><strong>thesin.</strong></span> <span class='ocrx_word' id='word_1_13' title='bbox 1374 401 1448 470; x_wconf 62' lang='grc'><strong>449</strong></span> 
     </span>
    </p>
   </div>
   <div class='ocr_carea' id='block_1_2' title="bbox 115 583 1517 3200">
    <p class='ocr_par' dir='ltr' id='par_1_2' title="bbox 115 583 1517 3200">
     <span class='ocr_line' id='line_1_2' title="bbox 218 583 1450 660; baseline 0.003 -21"><span class='ocrx_word' id='word_1_14' title='bbox 218 585 357 639; x_wconf 83' lang='lat' dir='ltr'><strong>Petrus.</strong></span> <span class='ocrx_word' id='word_1_15' title='bbox 396 584 423 638; x_wconf 88' lang='lat' dir='ltr'><strong>Si</strong></span> <span class='ocrx_word' id='word_1_16' title='bbox 453 583 520 639; x_wconf 87' lang='lat' dir='ltr'><strong>tales</strong></span> <span class='ocrx_word' id='word_1_17' title='bbox 551 594 630 646; x_wconf 89' lang='lat' dir='ltr'><strong>sunt,</strong></span> <span class='ocrx_word' id='word_1_18' title='bbox 662 585 781 640; x_wconf 83' lang='lat' dir='ltr'><strong>trundum</strong></span> <span class='ocrx_word' id='word_1_19' title='bbox 812 585 952 658; x_wconf 87' lang='lat' dir='ltr'><strong>intelligo,</strong></span> <span class='ocrx_word' id='word_1_20' title='bbox 983 604 1038 658; x_wconf 88' lang='lat' dir='ltr'><strong>quo</strong></span> <span class='ocrx_word' id='word_1_21' title='bbox 1068 594 1147 660; x_wconf 87' lang='lat' dir='ltr'><strong>paeto</strong></span> <span class='ocrx_word' id='word_1_22' title='bbox 1178 587 1301 659; x_wconf 86' lang='lat' dir='ltr'><strong>patueris</strong></span> <span class='ocrx_word' id='word_1_23' title='bbox 1328 605 1450 642; x_wconf 83' lang='lat' dir='ltr'><strong>summes</strong></span> 
     </span>
     <span class='ocr_line' id='line_1_3' title="bbox 147 668 1269 744; baseline -0.001 -19"><span class='ocrx_word' id='word_1_24' title='bbox 147 687 235 742; x_wconf 76' lang='lat' dir='ltr'><strong>reges</strong></span> <span class='ocrx_word' id='word_1_25' title='bbox 257 668 290 724; x_wconf 87' lang='lat' dir='ltr'><strong>ad</strong></span> <span class='ocrx_word' id='word_1_26' title='bbox 312 669 470 739; x_wconf 77' lang='lat' dir='ltr'><strong>gravissima</strong></span> <span class='ocrx_word' id='word_1_27' title='bbox 495 668 564 724; x_wconf 90' lang='lat' dir='ltr'><strong>bella</strong></span> <span class='ocrx_word' id='word_1_28' title='bbox 586 671 739 731; x_wconf 83' lang='lat' dir='ltr'><strong>concitare,</strong></span> <span class='ocrx_word' id='word_1_29' title='bbox 763 671 915 743; x_wconf 71' lang='lat' dir='ltr'><strong>praesertim</strong></span> <span class='ocrx_word' id='word_1_30' title='bbox 939 671 1027 744; x_wconf 89' lang='lat' dir='ltr'><strong>ruptis</strong></span> <span class='ocrx_word' id='word_1_31' title='bbox 1051 680 1092 725; x_wconf 89' lang='lat' dir='ltr'><strong>tot</strong></span> <span class='ocrx_word' id='word_1_32' title='bbox 1114 671 1269 726; x_wconf 79' lang='lat' dir='ltr'><strong>lmderilrus.</strong></span> 
     </span>
     <span class='ocr_line' id='line_1_4' title="bbox 219 753 1449 828; baseline 0.004 -21"><span class='ocrx_word' id='word_1_33' title='bbox 219 753 341 808; x_wconf 91' lang='lat' dir='ltr'><strong>lulius.</strong></span> <span class='ocrx_word' id='word_1_34' title='bbox 378 754 460 826; x_wconf 80' lang='lat' dir='ltr'><strong>Atqui</strong></span> <span class='ocrx_word' id='word_1_35' title='bbox 483 753 506 808; x_wconf 91' lang='lat' dir='ltr'><strong>si</strong></span> <span class='ocrx_word' id='word_1_36' title='bbox 529 770 600 809; x_wconf 88' lang='lat' dir='ltr'><strong>nuuc</strong></span> <span class='ocrx_word' id='word_1_37' title='bbox 623 755 732 828; x_wconf 79' lang='lat' dir='ltr'>assequi</span> <span class='ocrx_word' id='word_1_38' title='bbox 755 756 845 828; x_wconf 85' lang='lat' dir='ltr'><strong>possis</strong></span> <span class='ocrx_word' id='word_1_39' title='bbox 868 772 899 810; x_wconf 86' lang='lat' dir='ltr'><strong>ea</strong></span> <span class='ocrx_word' id='word_1_40' title='bbox 929 773 989 828; x_wconf 78' lang='lat' dir='ltr'><strong>quae</strong></span> <span class='ocrx_word' id='word_1_41' title='bbox 1016 755 1115 816; x_wconf 79' lang='lat' dir='ltr'><strong>iliram,</strong></span> <span class='ocrx_word' id='word_1_42' title='bbox 1146 755 1282 828; x_wconf 85' lang='lat' dir='ltr'><strong>intelliges</strong></span> <span class='ocrx_word' id='word_1_43' title='bbox 1312 756 1449 828; x_wconf 73' lang='lat' dir='ltr'><strong>ingenium</strong></span> 
     </span>
     <span class='ocr_line' id='line_1_5' title="bbox 155 837 532 914; baseline -0.003 -21"><span class='ocrx_word' id='word_1_44' title='bbox 155 839 219 914; x_wconf 87' lang='lat' dir='ltr'><strong>plus</strong></span> <span class='ocrx_word' id='word_1_45' title='bbox 240 856 320 912; x_wconf 88' lang='lat' dir='ltr'><strong>quam</strong></span> <span class='ocrx_word' id='word_1_46' title='bbox 344 837 532 912; x_wconf 87' lang='lat' dir='ltr'><strong>apostolicum.</strong></span> 
     </span>
     <span class='ocr_line' id='line_1_6' title="bbox 129 923 894 998; baseline 0 -21"><span class='ocrx_word' id='word_1_47' title='bbox 129 939 171 987; x_wconf 80' lang='lat' dir='ltr'><strong>a,</strong></span> <span class='ocrx_word' id='word_1_48' title='bbox 220 924 357 978; x_wconf 87' lang='lat' dir='ltr'><strong>Petrus.</strong></span> <span class='ocrx_word' id='word_1_49' title='bbox 395 923 507 978; x_wconf 76' lang='lat' dir='ltr'>Adnitar</span> <span class='ocrx_word' id='word_1_50' title='bbox 529 924 653 996; x_wconf 82' lang='lat' dir='ltr'>equidem</span> <span class='ocrx_word' id='word_1_51' title='bbox 676 925 764 996; x_wconf 85' lang='lat' dir='ltr'><strong>quoad</strong></span> <span class='ocrx_word' id='word_1_52' title='bbox 788 933 894 998; x_wconf 86' lang='lat' dir='ltr'><strong>potero.</strong></span> 
     </span>
     <span class='ocr_line' id='line_1_7' title="bbox 221 1007 1516 1084; baseline -0.001 -22"><span class='ocrx_word' id='word_1_53' title='bbox 221 1008 345 1062; x_wconf 90' lang='lat' dir='ltr'><strong>lulius.</strong></span> <span class='ocrx_word' id='word_1_54' title='bbox 383 1007 449 1062; x_wconf 90' lang='lat' dir='ltr'><strong>illud</strong></span> <span class='ocrx_word' id='word_1_55' title='bbox 474 1009 604 1081; x_wconf 80' lang='lat' dir='ltr'><strong>imprimis</strong></span> <span class='ocrx_word' id='word_1_56' title='bbox 627 1008 692 1063; x_wconf 80' lang='lat' dir='ltr'><strong>rutilii</strong></span> <span class='ocrx_word' id='word_1_57' title='bbox 715 1009 806 1064; x_wconf 83' lang='lat' dir='ltr'><strong>strutio</strong></span> <span class='ocrx_word' id='word_1_58' title='bbox 830 1009 894 1071; x_wconf 89' lang='lat' dir='ltr'><strong>luit,</strong></span> <span class='ocrx_word' id='word_1_59' title='bbox 919 1009 1038 1066; x_wconf 89' lang='lat' dir='ltr'><strong>omnium</strong></span> <span class='ocrx_word' id='word_1_60' title='bbox 1062 1009 1192 1082; x_wconf 89' lang='lat' dir='ltr'><strong>gentium,</strong></span> <span class='ocrx_word' id='word_1_61' title='bbox 1216 1010 1352 1083; x_wconf 74' lang='lat' dir='ltr'><strong>precipue</strong></span> <span class='ocrx_word' id='word_1_62' title='bbox 1368 1011 1516 1084; x_wconf 78' lang='lat' dir='ltr'><strong>prta-ins.</strong></span> 
     </span>
     <span class='ocr_line' id='line_1_8' title="bbox 155 1093 1449 1168; baseline 0.002 -19"><span class='ocrx_word' id='word_1_63' title='bbox 155 1093 247 1167; x_wconf 90' lang='lat' dir='ltr'><strong>cipum</strong></span> <span class='ocrx_word' id='word_1_64' title='bbox 271 1093 392 1166; x_wconf 88' lang='lat' dir='ltr'><strong>ingenia,</strong></span> <span class='ocrx_word' id='word_1_65' title='bbox 416 1110 522 1155; x_wconf 89' lang='lat' dir='ltr'><strong>mores,</strong></span> <span class='ocrx_word' id='word_1_66' title='bbox 546 1094 673 1154; x_wconf 86' lang='lat' dir='ltr'><strong>ad&#39;eetus,</strong></span> <span class='ocrx_word' id='word_1_67' title='bbox 697 1111 764 1167; x_wconf 86' lang='lat' dir='ltr'><strong>opes</strong></span> <span class='ocrx_word' id='word_1_68' title='bbox 787 1103 814 1147; x_wconf 86' lang='lat' dir='ltr'><strong>et</strong></span> <span class='ocrx_word' id='word_1_69' title='bbox 836 1102 951 1150; x_wconf 70' lang='lat' dir='ltr'><strong>assuetus</strong></span> <span class='ocrx_word' id='word_1_70' title='bbox 973 1111 1153 1167; x_wconf 87' lang='lat' dir='ltr'><strong>pernoscere,</strong></span> <span class='ocrx_word' id='word_1_71' title='bbox 1176 1095 1221 1150; x_wconf 87' lang='lat' dir='ltr'><strong>eui</strong></span> <span class='ocrx_word' id='word_1_72' title='bbox 1236 1112 1297 1151; x_wconf 89' lang='lat' dir='ltr'><strong>cum</strong></span> <span class='ocrx_word' id='word_1_73' title='bbox 1315 1113 1370 1168; x_wconf 90' lang='lat' dir='ltr'><strong>que</strong></span> <span class='ocrx_word' id='word_1_74' title='bbox 1385 1114 1449 1152; x_wconf 91' lang='lat' dir='ltr'><strong>cen·</strong></span> 
     </span>
     <span class='ocr_line' id='line_1_9' title="bbox 136 1177 1450 1250; baseline 0.002 -18"><span class='ocrx_word' id='word_1_75' title='bbox 136 1177 259 1238; x_wconf 84' lang='lat' dir='ltr'><strong>&#39;reniat,</strong></span> <span class='ocrx_word' id='word_1_76' title='bbox 290 1178 333 1232; x_wconf 89' lang='lat' dir='ltr'><strong>cui</strong></span> <span class='ocrx_word' id='word_1_77' title='bbox 363 1196 424 1232; x_wconf 82' lang='grc' dir='ltr'>ιιιιιι</span> <span class='ocrx_word' id='word_1_78' title='bbox 447 1196 502 1250; x_wconf 92' lang='lat' dir='ltr'><strong>quo</strong></span> <span class='ocrx_word' id='word_1_79' title='bbox 524 1178 665 1233; x_wconf 79' lang='lat' dir='ltr'><strong>dissidium</strong></span> <span class='ocrx_word' id='word_1_80' title='bbox 689 1179 740 1242; x_wconf 88' lang='lat' dir='ltr'><strong>sit;</strong></span> <span class='ocrx_word' id='word_1_81' title='bbox 769 1177 866 1233; x_wconf 88' lang='lat' dir='ltr'><strong>deimle</strong></span> <span class='ocrx_word' id='word_1_82' title='bbox 889 1178 930 1234; x_wconf 83' lang='lat' dir='ltr'><strong>liis</strong></span> <span class='ocrx_word' id='word_1_83' title='bbox 955 1178 1080 1234; x_wconf 90' lang='lat' dir='ltr'><strong>omnibns</strong></span> <span class='ocrx_word' id='word_1_84' title='bbox 1103 1179 1134 1233; x_wconf 88' lang='lat' dir='ltr'><strong>ad</strong></span> <span class='ocrx_word' id='word_1_85' title='bbox 1158 1187 1280 1234; x_wconf 89' lang='lat' dir='ltr'><strong>nostram</strong></span> <span class='ocrx_word' id='word_1_86' title='bbox 1303 1181 1450 1236; x_wconf 88' lang='lat' dir='ltr'><strong>commodi·</strong></span> 
     </span>
     <span class='ocr_line' id='line_1_10' title="bbox 157 1262 1450 1336; baseline 0.001 -18"><span class='ocrx_word' id='word_1_87' title='bbox 157 1271 239 1318; x_wconf 81' lang='lat' dir='ltr'><strong>tatem</strong></span> <span class='ocrx_word' id='word_1_88' title='bbox 263 1262 311 1317; x_wconf 92' lang='lat' dir='ltr'><strong>uti.</strong></span> <span class='ocrx_word' id='word_1_89' title='bbox 356 1262 490 1336; x_wconf 91' lang='lat' dir='ltr'><strong>principio</strong></span> <span class='ocrx_word' id='word_1_90' title='bbox 507 1262 598 1317; x_wconf 82' lang='lat' dir='ltr'><strong>Gallos</strong></span> <span class='ocrx_word' id='word_1_91' title='bbox 620 1262 699 1318; x_wconf 78' lang='lat' dir='ltr'><strong>facile</strong></span> <span class='ocrx_word' id='word_1_92' title='bbox 720 1263 916 1335; x_wconf 80' lang='lat' dir='ltr'><strong>erinritarimns</strong></span> <span class='ocrx_word' id='word_1_93' title='bbox 940 1265 965 1319; x_wconf 90' lang='lat' dir='ltr'><strong>in</strong></span> <span class='ocrx_word' id='word_1_94' title='bbox 989 1263 1121 1324; x_wconf 83' lang='lat' dir='ltr'><strong>l&#39;enetos,</strong></span> <span class='ocrx_word' id='word_1_95' title='bbox 1146 1264 1217 1336; x_wconf 84' lang='grc' dir='ltr'>ιιιιιιιΙ</span> <span class='ocrx_word' id='word_1_96' title='bbox 1242 1263 1314 1319; x_wconf 89' lang='lat' dir='ltr'><strong>inter</strong></span> <span class='ocrx_word' id='word_1_97' title='bbox 1336 1265 1386 1319; x_wconf 82' lang='lat' dir='ltr'><strong>lios</strong></span> <span class='ocrx_word' id='word_1_98' title='bbox 1410 1266 1450 1320; x_wconf 93' lang='lat' dir='ltr'><strong>in-</strong></span> 
     </span>
     <span class='ocr_line' id='line_1_11' title="bbox 121 1347 1448 1421; baseline 0.005 -21"><span class='ocrx_word' id='word_1_99' title='bbox 121 1347 311 1403; x_wconf 83' lang='lat' dir='ltr'><strong>tetereederet</strong></span> <span class='ocrx_word' id='word_1_100' title='bbox 334 1356 410 1402; x_wconf 85' lang='lat' dir='ltr'><strong>retus</strong></span> <span class='ocrx_word' id='word_1_101' title='bbox 432 1356 513 1420; x_wconf 90' lang='lat' dir='ltr'><strong>atquo</strong></span> <span class='ocrx_word' id='word_1_102' title='bbox 536 1348 646 1420; x_wconf 78' lang='lat' dir='ltr'><strong>amiqua</strong></span> <span class='ocrx_word' id='word_1_103' title='bbox 669 1348 808 1409; x_wconf 78' lang='lat' dir='ltr'><strong>simultas:</strong></span> <span class='ocrx_word' id='word_1_104' title='bbox 836 1349 933 1403; x_wconf 87' lang='lat' dir='ltr'><strong>deinde</strong></span> <span class='ocrx_word' id='word_1_105' title='bbox 961 1349 1112 1404; x_wconf 70' lang='lat' dir='ltr'><strong>sciebamus</strong></span> <span class='ocrx_word' id='word_1_106' title='bbox 1135 1365 1192 1403; x_wconf 88' lang='lat' dir='ltr'><strong>eam</strong></span> <span class='ocrx_word' id='word_1_107' title='bbox 1216 1358 1324 1420; x_wconf 88' lang='lat' dir='ltr'><strong>gentem</strong></span> <span class='ocrx_word' id='word_1_108' title='bbox 1347 1350 1448 1421; x_wconf 72' lang='lat' dir='ltr'><strong>avidam</strong></span> 
     </span>
     <span class='ocr_line' id='line_1_12' title="bbox 157 1431 1447 1507; baseline 0.002 -21"><span class='ocrx_word' id='word_1_109' title='bbox 157 1432 263 1505; x_wconf 86' lang='lat' dir='ltr'><strong>imperii</strong></span> <span class='ocrx_word' id='word_1_110' title='bbox 286 1433 465 1506; x_wconf 78' lang='lat' dir='ltr'><strong>prorogandi.</strong></span> <span class='ocrx_word' id='word_1_111' title='bbox 495 1441 523 1486; x_wconf 90' lang='lat' dir='ltr'><strong>et</strong></span> <span class='ocrx_word' id='word_1_112' title='bbox 546 1432 640 1487; x_wconf 88' lang='lat' dir='ltr'><strong>Veneti</strong></span> <span class='ocrx_word' id='word_1_113' title='bbox 662 1431 772 1488; x_wconf 90' lang='lat' dir='ltr'><strong>illorum</strong></span> <span class='ocrx_word' id='word_1_114' title='bbox 795 1451 904 1506; x_wconf 86' lang='lat' dir='ltr'><strong>quoque</strong></span> <span class='ocrx_word' id='word_1_115' title='bbox 927 1432 1072 1488; x_wconf 86' lang='lat' dir='ltr'><strong>nonnullas</strong></span> <span class='ocrx_word' id='word_1_116' title='bbox 1094 1432 1176 1487; x_wconf 83' lang='lat' dir='ltr'><strong>urlres</strong></span> <span class='ocrx_word' id='word_1_117' title='bbox 1197 1443 1373 1507; x_wconf 79' lang='lat' dir='ltr'><strong>occuparant:</strong></span> <span class='ocrx_word' id='word_1_118' title='bbox 1398 1435 1447 1490; x_wconf 88' lang='lat' dir='ltr'><strong>ita·</strong></span> 
     </span>
     <span class='ocr_line' id='line_1_13' title="bbox 157 1517 1517 1592; baseline 0.003 -22"><span class='ocrx_word' id='word_1_119' title='bbox 157 1533 211 1590; x_wconf 86' lang='lat' dir='ltr'><strong>que</strong></span> <span class='ocrx_word' id='word_1_120' title='bbox 232 1534 320 1572; x_wconf 81' lang='lat' dir='ltr'><strong>tticum</strong></span> <span class='ocrx_word' id='word_1_121' title='bbox 345 1517 486 1589; x_wconf 79' lang='lat' dir='ltr'><strong>negocium</strong></span> <span class='ocrx_word' id='word_1_122' title='bbox 509 1535 570 1571; x_wconf 88' lang='lat' dir='ltr'><strong>curn</strong></span> <span class='ocrx_word' id='word_1_123' title='bbox 594 1517 702 1572; x_wconf 90' lang='lat' dir='ltr'><strong>illorum</strong></span> <span class='ocrx_word' id='word_1_124' title='bbox 727 1519 841 1589; x_wconf 80' lang='lat' dir='ltr'><strong>negocio</strong></span> <span class='ocrx_word' id='word_1_125' title='bbox 863 1518 967 1573; x_wconf 86' lang='lat' dir='ltr'><strong>uriseni.</strong></span> <span class='ocrx_word' id='word_1_126' title='bbox 1014 1527 1070 1572; x_wconf 88' lang='lat' dir='ltr'><strong>turn</strong></span> <span class='ocrx_word' id='word_1_127' title='bbox 1094 1517 1257 1590; x_wconf 86' lang='lat' dir='ltr'><strong>imperator,</strong></span> <span class='ocrx_word' id='word_1_128' title='bbox 1287 1535 1441 1592; x_wconf 90' lang='lat' dir='ltr'><strong>quanquam</strong></span> <span class='ocrx_word' id='word_1_129' title='bbox 1450 1519 1517 1567; x_wconf 72' lang='lat' dir='ltr'><strong>§.toa</strong></span> 
     </span>
     <span class='ocr_line' id='line_1_14' title="bbox 157 1601 1449 1676; baseline 0.002 -21"><span class='ocrx_word' id='word_1_130' title='bbox 157 1617 212 1655; x_wconf 90' lang='lat' dir='ltr'><strong>non</strong></span> <span class='ocrx_word' id='word_1_131' title='bbox 235 1601 378 1656; x_wconf 84' lang='lat' dir='ltr'><strong>admodum</strong></span> <span class='ocrx_word' id='word_1_132' title='bbox 400 1602 502 1656; x_wconf 85' lang='lat' dir='ltr'><strong>auricus</strong></span> <span class='ocrx_word' id='word_1_133' title='bbox 519 1601 608 1663; x_wconf 85' lang='lat' dir='ltr'><strong>Gallo,</strong></span> <span class='ocrx_word' id='word_1_134' title='bbox 634 1612 722 1657; x_wconf 88' lang='lat' dir='ltr'><strong>tamen</strong></span> <span class='ocrx_word' id='word_1_135' title='bbox 747 1603 809 1675; x_wconf 88' lang='lat' dir='ltr'><strong>quia</strong></span> <span class='ocrx_word' id='word_1_136' title='bbox 833 1619 887 1657; x_wconf 91' lang='lat' dir='ltr'><strong>non</strong></span> <span class='ocrx_word' id='word_1_137' title='bbox 910 1611 968 1658; x_wconf 89' lang='lat' dir='ltr'><strong>erat</strong></span> <span class='ocrx_word' id='word_1_138' title='bbox 991 1602 1042 1657; x_wconf 86' lang='lat' dir='ltr'><strong>alia</strong></span> <span class='ocrx_word' id='word_1_139' title='bbox 1065 1620 1128 1675; x_wconf 90' lang='lat' dir='ltr'><strong>spes</strong></span> <span class='ocrx_word' id='word_1_140' title='bbox 1144 1620 1158 1656; x_wconf 89' lang='lat' dir='ltr'><strong>a</strong></span> <span class='ocrx_word' id='word_1_141' title='bbox 1176 1602 1285 1657; x_wconf 86' lang='lat' dir='ltr'><strong>Venetis</strong></span> <span class='ocrx_word' id='word_1_142' title='bbox 1302 1603 1449 1676; x_wconf 84' lang='lat' dir='ltr'><strong>reeipiendi</strong></span> 
     </span>
     <span class='ocr_line' id='line_1_15' title="bbox 157 1685 1448 1760; baseline 0.002 -20"><span class='ocrx_word' id='word_1_143' title='bbox 157 1703 218 1758; x_wconf 82' lang='lat' dir='ltr'><strong>quae</strong></span> <span class='ocrx_word' id='word_1_144' title='bbox 242 1685 370 1744; x_wconf 85' lang='lat' dir='ltr'><strong>tenebant</strong></span> <span class='ocrx_word' id='word_1_145' title='bbox 391 1685 531 1758; x_wconf 84' lang='lat' dir='ltr'><strong>(tenebant</strong></span> <span class='ocrx_word' id='word_1_146' title='bbox 554 1687 626 1753; x_wconf 81' lang='lat' dir='ltr'><strong>enim</strong></span> <span class='ocrx_word' id='word_1_147' title='bbox 650 1687 731 1742; x_wconf 77' lang='lat' dir='ltr'><strong>ttrlres</strong></span> <span class='ocrx_word' id='word_1_148' title='bbox 754 1686 858 1759; x_wconf 87' lang='lat' dir='ltr'><strong>aliquot</strong></span> <span class='ocrx_word' id='word_1_149' title='bbox 873 1687 1008 1760; x_wconf 82' lang='lat' dir='ltr'><strong>egregias)</strong></span> <span class='ocrx_word' id='word_1_150' title='bbox 1031 1704 1082 1760; x_wconf 91' lang='lat' dir='ltr'><strong>pro</strong></span> <span class='ocrx_word' id='word_1_151' title='bbox 1108 1697 1229 1760; x_wconf 87' lang='lat' dir='ltr'><strong>tempore</strong></span> <span class='ocrx_word' id='word_1_152' title='bbox 1251 1706 1279 1740; x_wconf 87' lang='lat' dir='ltr'><strong>se</strong></span> <span class='ocrx_word' id='word_1_153' title='bbox 1297 1687 1360 1743; x_wconf 85' lang='lat' dir='ltr'><strong>liuic</strong></span> <span class='ocrx_word' id='word_1_154' title='bbox 1376 1686 1448 1743; x_wconf 86' lang='lat' dir='ltr'><strong>belle</strong></span> 
     </span>
     <span class='ocr_line' id='line_1_16' title="bbox 121 1770 1448 1846; baseline 0.002 -22"><span class='ocrx_word' id='word_1_155' title='bbox 121 1770 287 1825; x_wconf 78' lang='lat' dir='ltr'><strong>tuadiunrit.</strong></span> <span class='ocrx_word' id='word_1_156' title='bbox 331 1771 427 1826; x_wconf 89' lang='lat' dir='ltr'><strong>deinde</strong></span> <span class='ocrx_word' id='word_1_157' title='bbox 450 1788 509 1825; x_wconf 87' lang='lat' dir='ltr'><strong>curn</strong></span> <span class='ocrx_word' id='word_1_158' title='bbox 533 1788 587 1825; x_wconf 87' lang='grc' dir='ltr'>ιιοιι</span> <span class='ocrx_word' id='word_1_159' title='bbox 617 1770 737 1843; x_wconf 86' lang='lat' dir='ltr'><strong>placeret</strong></span> <span class='ocrx_word' id='word_1_160' title='bbox 766 1770 857 1826; x_wconf 79' lang='lat' dir='ltr'><strong>Gallos</strong></span> <span class='ocrx_word' id='word_1_161' title='bbox 886 1789 968 1846; x_wconf 85' lang='lat' dir='ltr'><strong>supra</strong></span> <span class='ocrx_word' id='word_1_162' title='bbox 997 1771 1104 1826; x_wconf 79' lang='lat' dir='ltr'><strong>niodum</strong></span> <span class='ocrx_word' id='word_1_163' title='bbox 1127 1788 1265 1832; x_wconf 88' lang='lat' dir='ltr'><strong>crescere,</strong></span> <span class='ocrx_word' id='word_1_164' title='bbox 1295 1771 1349 1842; x_wconf 86' lang='lat' dir='ltr'><strong>(res</strong></span> <span class='ocrx_word' id='word_1_165' title='bbox 1378 1773 1448 1826; x_wconf 90' lang='lat' dir='ltr'><strong>enim</strong></span> 
     </span>
     <span class='ocr_line' id='line_1_17' title="bbox 155 1854 1449 1933; baseline 0.002 -25"><span class='ocrx_word' id='word_1_166' title='bbox 155 1863 322 1911; x_wconf 83' lang='lat' dir='ltr'><strong>successerat</strong></span> <span class='ocrx_word' id='word_1_167' title='bbox 347 1854 451 1910; x_wconf 74' lang='lat' dir='ltr'><strong>felicius</strong></span> <span class='ocrx_word' id='word_1_168' title='bbox 475 1872 554 1928; x_wconf 89' lang='lat' dir='ltr'><strong>qnam</strong></span> <span class='ocrx_word' id='word_1_169' title='bbox 578 1855 709 1933; x_wconf 76' lang='lat' dir='ltr'><strong>solidum)</strong></span> <span class='ocrx_word' id='word_1_170' title='bbox 732 1857 847 1929; x_wconf 90' lang='lat' dir='ltr'><strong>primum</strong></span> <span class='ocrx_word' id='word_1_171' title='bbox 872 1856 1059 1930; x_wconf 86' lang='lat' dir='ltr'><strong>Hispaniarum</strong></span> <span class='ocrx_word' id='word_1_172' title='bbox 1083 1872 1173 1927; x_wconf 88' lang='lat' dir='ltr'><strong>regem</strong></span> <span class='ocrx_word' id='word_1_173' title='bbox 1205 1856 1230 1910; x_wconf 87' lang='lat' dir='ltr'><strong>in</strong></span> <span class='ocrx_word' id='word_1_174' title='bbox 1259 1873 1308 1911; x_wconf 89' lang='lat' dir='ltr'><strong>eos</strong></span> <span class='ocrx_word' id='word_1_175' title='bbox 1335 1856 1449 1911; x_wconf 83' lang='lat' dir='ltr'><strong>extimu-</strong></span> 
     </span>
     <span class='ocr_line' id='line_1_18' title="bbox 156 1938 1448 2013; baseline 0.002 -20"><span class='ocrx_word' id='word_1_176' title='bbox 156 1938 223 2000; x_wconf 74' lang='lat' dir='ltr'><strong>isti,</strong></span> <span class='ocrx_word' id='word_1_177' title='bbox 254 1941 369 2012; x_wconf 90' lang='lat' dir='ltr'><strong>primum</strong></span> <span class='ocrx_word' id='word_1_178' title='bbox 399 1940 535 1994; x_wconf 88' lang='lat' dir='ltr'><strong>bominem</strong></span> <span class='ocrx_word' id='word_1_179' title='bbox 558 1940 618 1995; x_wconf 90' lang='lat' dir='ltr'><strong>lidei</strong></span> <span class='ocrx_word' id='word_1_180' title='bbox 642 1941 910 2001; x_wconf 80' lang='lat' dir='ltr'><strong>riori-adamantinae,</strong></span> <span class='ocrx_word' id='word_1_181' title='bbox 938 1941 1034 1995; x_wconf 89' lang='lat' dir='ltr'><strong>deiude</strong></span> <span class='ocrx_word' id='word_1_182' title='bbox 1057 1941 1134 1995; x_wconf 81' lang='lat' dir='ltr'><strong>citios</strong></span> <span class='ocrx_word' id='word_1_183' title='bbox 1157 1957 1322 2013; x_wconf 79' lang='lat' dir='ltr'><strong>magnopore</strong></span> <span class='ocrx_word' id='word_1_184' title='bbox 1346 1941 1448 1996; x_wconf 87' lang='lat' dir='ltr'><strong>relere-</strong></span> 
     </span>
     <span class='ocr_line' id='line_1_19' title="bbox 156 2022 1447 2098; baseline 0.001 -20"><span class='ocrx_word' id='word_1_185' title='bbox 156 2024 201 2078; x_wconf 88' lang='lat' dir='ltr'><strong>bat</strong></span> <span class='ocrx_word' id='word_1_186' title='bbox 224 2033 360 2095; x_wconf 87' lang='lat' dir='ltr'><strong>utcunque</strong></span> <span class='ocrx_word' id='word_1_187' title='bbox 384 2025 467 2097; x_wconf 87' lang='lat' dir='ltr'><strong>premi</strong></span> <span class='ocrx_word' id='word_1_188' title='bbox 492 2023 629 2079; x_wconf 84' lang='lat' dir='ltr'><strong>Gallorum</strong></span> <span class='ocrx_word' id='word_1_189' title='bbox 653 2022 816 2098; x_wconf 68' lang='lat' dir='ltr'><strong>penitentiam,</strong></span> <span class='ocrx_word' id='word_1_190' title='bbox 840 2043 900 2080; x_wconf 83' lang='lat' dir='ltr'><strong>cuni</strong></span> <span class='ocrx_word' id='word_1_191' title='bbox 923 2024 958 2079; x_wconf 82' lang='lat' dir='ltr'><strong>eli</strong></span> <span class='ocrx_word' id='word_1_192' title='bbox 980 2025 1031 2079; x_wconf 90' lang='lat' dir='ltr'><strong>alia</strong></span> <span class='ocrx_word' id='word_1_193' title='bbox 1054 2024 1150 2085; x_wconf 90' lang='lat' dir='ltr'><strong>multa,</strong></span> <span class='ocrx_word' id='word_1_194' title='bbox 1175 2033 1231 2079; x_wconf 86' lang='lat' dir='ltr'><strong>turn</strong></span> <span class='ocrx_word' id='word_1_195' title='bbox 1254 2026 1392 2098; x_wconf 72' lang='lat' dir='ltr'><strong>praecipue</strong></span> <span class='ocrx_word' id='word_1_196' title='bbox 1414 2042 1447 2079; x_wconf 83' lang='lat' dir='ltr'><strong>tte</strong></span> 
     </span>
     <span class='ocr_line' id='line_1_20' title="bbox 156 2109 1516 2182; baseline -0.001 -20"><span class='ocrx_word' id='word_1_197' title='bbox 156 2110 263 2180; x_wconf 88' lang='lat' dir='ltr'><strong>qnando</strong></span> <span class='ocrx_word' id='word_1_198' title='bbox 286 2109 389 2163; x_wconf 88' lang='lat' dir='ltr'><strong>ditione</strong></span> <span class='ocrx_word' id='word_1_199' title='bbox 412 2109 586 2182; x_wconf 80' lang='lat' dir='ltr'><strong>Neapolitana</strong></span> <span class='ocrx_word' id='word_1_200' title='bbox 614 2110 810 2166; x_wconf 67' lang='lat' dir='ltr'><strong>excluderetur.</strong></span> <span class='ocrx_word' id='word_1_201' title='bbox 856 2109 894 2164; x_wconf 80' lang='lat' dir='ltr'><strong>dd</strong></span> <span class='ocrx_word' id='word_1_202' title='bbox 925 2109 981 2165; x_wconf 82' lang='lat' dir='ltr'><strong>inec</strong></span> <span class='ocrx_word' id='word_1_203' title='bbox 1004 2109 1133 2170; x_wconf 69' lang='lat' dir='ltr'><strong>Venetos,</strong></span> <span class='ocrx_word' id='word_1_204' title='bbox 1163 2109 1269 2164; x_wconf 88' lang='lat' dir='ltr'><strong>tametsi</strong></span> <span class='ocrx_word' id='word_1_205' title='bbox 1300 2127 1354 2163; x_wconf 91' lang='lat' dir='ltr'><strong>non</strong></span> <span class='ocrx_word' id='word_1_206' title='bbox 1378 2111 1516 2182; x_wconf 74' lang='lat' dir='ltr'><strong>pro-§.tes</strong></span> 
     </span>
     <span class='ocr_line' id='line_1_21' title="bbox 115 2191 1450 2268; baseline 0.002 -23"><span class='ocrx_word' id='word_1_207' title='bbox 115 2191 262 2253; x_wconf 68' lang='lat' dir='ltr'><strong>cabareto,</strong></span> <span class='ocrx_word' id='word_1_208' title='bbox 286 2192 346 2247; x_wconf 82' lang='lat' dir='ltr'><strong>dete</strong></span> <span class='ocrx_word' id='word_1_209' title='bbox 369 2202 458 2249; x_wconf 88' lang='lat' dir='ltr'><strong>tamen</strong></span> <span class='ocrx_word' id='word_1_210' title='bbox 482 2195 507 2248; x_wconf 90' lang='lat' dir='ltr'><strong>in</strong></span> <span class='ocrx_word' id='word_1_211' title='bbox 531 2194 645 2266; x_wconf 84' lang='lat' dir='ltr'><strong>gratiam</strong></span> <span class='ocrx_word' id='word_1_212' title='bbox 668 2196 772 2268; x_wconf 83' lang='lat' dir='ltr'><strong>recepi,</strong></span> <span class='ocrx_word' id='word_1_213' title='bbox 795 2204 826 2249; x_wconf 90' lang='lat' dir='ltr'><strong>nt</strong></span> <span class='ocrx_word' id='word_1_214' title='bbox 848 2195 898 2249; x_wconf 85' lang='lat' dir='ltr'><strong>lios</strong></span> <span class='ocrx_word' id='word_1_215' title='bbox 921 2212 1031 2267; x_wconf 86' lang='lat' dir='ltr'><strong>quoque</strong></span> <span class='ocrx_word' id='word_1_216' title='bbox 1047 2194 1163 2248; x_wconf 86' lang='lat' dir='ltr'><strong>recentis</strong></span> <span class='ocrx_word' id='word_1_217' title='bbox 1178 2193 1262 2248; x_wconf 80' lang='lat' dir='ltr'><strong>clariis</strong></span> <span class='ocrx_word' id='word_1_218' title='bbox 1277 2193 1373 2249; x_wconf 78' lang='lat' dir='ltr'><strong>slolttre</strong></span> <span class='ocrx_word' id='word_1_219' title='bbox 1389 2211 1450 2248; x_wconf 83' lang='lat' dir='ltr'><strong>exa·</strong></span> 
     </span>
     <span class='ocr_line' id='line_1_22' title="bbox 155 2277 1448 2352; baseline 0.001 -21"><span class='ocrx_word' id='word_1_220' title='bbox 155 2277 281 2331; x_wconf 87' lang='lat' dir='ltr'><strong>eerlratos</strong></span> <span class='ocrx_word' id='word_1_221' title='bbox 306 2278 332 2331; x_wconf 91' lang='lat' dir='ltr'><strong>in</strong></span> <span class='ocrx_word' id='word_1_222' title='bbox 355 2277 446 2333; x_wconf 81' lang='lat' dir='ltr'><strong>Gallos</strong></span> <span class='ocrx_word' id='word_1_223' title='bbox 480 2279 660 2333; x_wconf 85' lang='lat' dir='ltr'><strong>immitterem.</strong></span> <span class='ocrx_word' id='word_1_224' title='bbox 705 2297 813 2335; x_wconf 89' lang='lat' dir='ltr'><strong>rursum</strong></span> <span class='ocrx_word' id='word_1_225' title='bbox 844 2280 1049 2352; x_wconf 87' lang='lat' dir='ltr'><strong>imperatorem,</strong></span> <span class='ocrx_word' id='word_1_226' title='bbox 1078 2295 1157 2351; x_wconf 88' lang='lat' dir='ltr'><strong>quem</strong></span> <span class='ocrx_word' id='word_1_227' title='bbox 1187 2277 1268 2351; x_wconf 83' lang='lat' dir='ltr'><strong>pardo</strong></span> <span class='ocrx_word' id='word_1_228' title='bbox 1297 2287 1359 2333; x_wconf 82' lang='lat' dir='ltr'><strong>atate</strong></span> <span class='ocrx_word' id='word_1_229' title='bbox 1388 2295 1448 2333; x_wconf 85' lang='lat' dir='ltr'><strong>rum</strong></span> 
     </span>
     <span class='ocr_line' id='line_1_23' title="bbox 156 2358 1450 2439; baseline 0.001 -24"><span class='ocrx_word' id='word_1_230' title='bbox 156 2360 239 2417; x_wconf 83' lang='lat' dir='ltr'><strong>Gallis</strong></span> <span class='ocrx_word' id='word_1_231' title='bbox 261 2362 468 2424; x_wconf 80' lang='lat' dir='ltr'><strong>coniunxerant,</strong></span> <span class='ocrx_word' id='word_1_232' title='bbox 492 2363 526 2418; x_wconf 87' lang='lat' dir='ltr'><strong>ab</strong></span> <span class='ocrx_word' id='word_1_233' title='bbox 549 2362 603 2417; x_wconf 91' lang='lat' dir='ltr'><strong>illis</strong></span> <span class='ocrx_word' id='word_1_234' title='bbox 625 2364 752 2427; x_wconf 81' lang='lat' dir='ltr'><strong>distraxi;</strong></span> <span class='ocrx_word' id='word_1_235' title='bbox 781 2364 861 2436; x_wconf 90' lang='lat' dir='ltr'><strong>idque</strong></span> <span class='ocrx_word' id='word_1_236' title='bbox 885 2364 983 2436; x_wconf 87' lang='lat' dir='ltr'><strong>partim</strong></span> <span class='ocrx_word' id='word_1_237' title='bbox 1007 2358 1155 2439; x_wconf 89' lang='lat' dir='ltr'><strong>[pecuniis.</strong></span> <span class='ocrx_word' id='word_1_238' title='bbox 1187 2381 1247 2435; x_wconf 76' lang='lat' dir='ltr'><strong>quae</strong></span> <span class='ocrx_word' id='word_1_239' title='bbox 1270 2363 1340 2436; x_wconf 89' lang='lat' dir='ltr'><strong>apud</strong></span> <span class='ocrx_word' id='word_1_240' title='bbox 1363 2362 1450 2417; x_wconf 77' lang='lat' dir='ltr'><strong>bernri-</strong></span> 
     </span>
     <span class='ocr_line' id='line_1_24' title="bbox 156 2444 1450 2523; baseline 0 -23"><span class='ocrx_word' id='word_1_241' title='bbox 156 2463 216 2501; x_wconf 87' lang='lat' dir='ltr'><strong>netu</strong></span> <span class='ocrx_word' id='word_1_242' title='bbox 239 2455 363 2518; x_wconf 80' lang='lat' dir='ltr'><strong>egentem</strong></span> <span class='ocrx_word' id='word_1_243' title='bbox 387 2466 495 2521; x_wconf 89' lang='lat' dir='ltr'><strong>semper</strong></span> <span class='ocrx_word' id='word_1_244' title='bbox 521 2447 609 2503; x_wconf 86' lang='lat' dir='ltr'><strong>salerrt</strong></span> <span class='ocrx_word' id='word_1_245' title='bbox 637 2447 796 2521; x_wconf 87' lang='lat' dir='ltr'><strong>plurimrnu,</strong></span> <span class='ocrx_word' id='word_1_246' title='bbox 825 2444 939 2523; x_wconf 85' lang='lat' dir='ltr'><strong>partim]</strong></span> <span class='ocrx_word' id='word_1_247' title='bbox 968 2447 1056 2503; x_wconf 88' lang='lat' dir='ltr'><strong>literis</strong></span> <span class='ocrx_word' id='word_1_248' title='bbox 1079 2457 1105 2502; x_wconf 90' lang='lat' dir='ltr'><strong>et</strong></span> <span class='ocrx_word' id='word_1_249' title='bbox 1129 2446 1231 2503; x_wconf 85' lang='lat' dir='ltr'><strong>rrurrtiis</strong></span> <span class='ocrx_word' id='word_1_250' title='bbox 1253 2457 1384 2503; x_wconf 85' lang='lat' dir='ltr'><strong>renovato</strong></span> <span class='ocrx_word' id='word_1_251' title='bbox 1406 2464 1450 2501; x_wconf 83' lang='lat' dir='ltr'><strong>re·</strong></span> 
     </span>
     <span class='ocr_line' id='line_1_25' title="bbox 156 2528 1447 2608; baseline 0.002 -24"><span class='ocrx_word' id='word_1_252' title='bbox 156 2531 207 2584; x_wconf 88' lang='lat' dir='ltr'><strong>teri</strong></span> <span class='ocrx_word' id='word_1_253' title='bbox 231 2532 257 2585; x_wconf 94' lang='lat' dir='ltr'><strong>in</strong></span> <span class='ocrx_word' id='word_1_254' title='bbox 281 2531 372 2586; x_wconf 78' lang='lat' dir='ltr'><strong>ttallos</strong></span> <span class='ocrx_word' id='word_1_255' title='bbox 394 2533 456 2587; x_wconf 90' lang='lat' dir='ltr'><strong>odio</strong></span> <span class='ocrx_word' id='word_1_256' title='bbox 480 2528 550 2608; x_wconf 81' lang='lat' dir='ltr'><strong>[quo</strong></span> <span class='ocrx_word' id='word_1_257' title='bbox 572 2533 613 2587; x_wconf 81' lang='lat' dir='ltr'><strong>sir</strong></span> <span class='ocrx_word' id='word_1_258' title='bbox 636 2532 680 2587; x_wconf 90' lang='lat' dir='ltr'><strong>ille</strong></span> <span class='ocrx_word' id='word_1_259' title='bbox 703 2535 800 2589; x_wconf 89' lang='lat' dir='ltr'><strong>mirum</strong></span> <span class='ocrx_word' id='word_1_260' title='bbox 824 2550 903 2606; x_wconf 90' lang='lat' dir='ltr'><strong>quam</strong></span> <span class='ocrx_word' id='word_1_261' title='bbox 926 2550 1034 2606; x_wconf 85' lang='lat' dir='ltr'><strong>semper</strong></span> <span class='ocrx_word' id='word_1_262' title='bbox 1055 2532 1192 2604; x_wconf 84' lang='lat' dir='ltr'><strong>tlagrarit,</strong></span> <span class='ocrx_word' id='word_1_263' title='bbox 1221 2532 1327 2587; x_wconf 88' lang='lat' dir='ltr'><strong>etiarnsi</strong></span> <span class='ocrx_word' id='word_1_264' title='bbox 1354 2533 1447 2588; x_wconf 89' lang='lat' dir='ltr'><strong>deerat</strong></span> 
     </span>
     <span class='ocr_line' id='line_1_26' title="bbox 115 2613 1517 2692; baseline 0.004 -27"><span class='ocrx_word' id='word_1_265' title='bbox 115 2615 303 2671; x_wconf 68' lang='lat' dir='ltr'><strong>melciseendi</strong></span> <span class='ocrx_word' id='word_1_266' title='bbox 326 2613 466 2692; x_wconf 63' lang='lat' dir='ltr'><strong>lactabas}</strong></span> <span class='ocrx_word' id='word_1_267' title='bbox 498 2618 564 2672; x_wconf 51' lang='lat' dir='ltr'><strong>‘lain</strong></span> <span class='ocrx_word' id='word_1_268' title='bbox 587 2617 681 2690; x_wconf 80' lang='lat' dir='ltr'><strong>Aegiis</strong></span> <span class='ocrx_word' id='word_1_269' title='bbox 704 2618 820 2673; x_wconf 80' lang='lat' dir='ltr'><strong>sciebam</strong></span> <span class='ocrx_word' id='word_1_270' title='bbox 842 2618 961 2690; x_wconf 88' lang='lat' dir='ltr'><strong>genuino</strong></span> <span class='ocrx_word' id='word_1_271' title='bbox 990 2617 1053 2671; x_wconf 91' lang='lat' dir='ltr'><strong>odie</strong></span> <span class='ocrx_word' id='word_1_272' title='bbox 1080 2634 1141 2671; x_wconf 85' lang='lat' dir='ltr'><strong>esse</strong></span> <span class='ocrx_word' id='word_1_273' title='bbox 1163 2616 1301 2672; x_wconf 79' lang='lat' dir='ltr'><strong>Gallorum</strong></span> <span class='ocrx_word' id='word_1_274' title='bbox 1324 2613 1517 2690; x_wconf 71' lang='lat' dir='ltr'><strong>gentonrtltl·</strong></span> 
     </span>
     <span class='ocr_line' id='line_1_27' title="bbox 155 2701 1448 2775; baseline 0.001 -21"><span class='ocrx_word' id='word_1_275' title='bbox 155 2708 183 2754; x_wconf 89' lang='lat' dir='ltr'><strong>et</strong></span> <span class='ocrx_word' id='word_1_276' title='bbox 212 2701 255 2755; x_wconf 90' lang='lat' dir='ltr'><strong>bis</strong></span> <span class='ocrx_word' id='word_1_277' title='bbox 284 2702 523 2757; x_wconf 88' lang='lat' dir='ltr'><strong>coniunctissimos</strong></span> <span class='ocrx_word' id='word_1_278' title='bbox 546 2701 656 2763; x_wconf 76' lang='lat' dir='ltr'><strong>scotos:</strong></span> <span class='ocrx_word' id='word_1_279' title='bbox 690 2702 721 2757; x_wconf 93' lang='lat' dir='ltr'><strong>ad</strong></span> <span class='ocrx_word' id='word_1_280' title='bbox 751 2703 808 2758; x_wconf 81' lang='lat' dir='ltr'><strong>bac</strong></span> <span class='ocrx_word' id='word_1_281' title='bbox 837 2701 1020 2774; x_wconf 84' lang='lat' dir='ltr'><strong>intelligebam</strong></span> <span class='ocrx_word' id='word_1_282' title='bbox 1051 2701 1187 2758; x_wconf 89' lang='lat' dir='ltr'><strong>nationem</strong></span> <span class='ocrx_word' id='word_1_283' title='bbox 1216 2702 1393 2775; x_wconf 75' lang='lat' dir='ltr'><strong>praeferocem</strong></span> <span class='ocrx_word' id='word_1_284' title='bbox 1422 2710 1448 2755; x_wconf 90' lang='lat' dir='ltr'><strong>et</strong></span> 
     </span>
     <span class='ocr_line' id='line_1_28' title="bbox 156 2784 1449 2861; baseline 0.001 -23"><span class='ocrx_word' id='word_1_285' title='bbox 156 2784 220 2839; x_wconf 87' lang='lat' dir='ltr'><strong>belli</strong></span> <span class='ocrx_word' id='word_1_286' title='bbox 242 2786 381 2859; x_wconf 89' lang='lat' dir='ltr'><strong>cupidam,</strong></span> <span class='ocrx_word' id='word_1_287' title='bbox 411 2787 492 2860; x_wconf 89' lang='lat' dir='ltr'><strong>idque</strong></span> <span class='ocrx_word' id='word_1_288' title='bbox 521 2786 694 2859; x_wconf 89' lang='lat' dir='ltr'><strong>potissimum</strong></span> <span class='ocrx_word' id='word_1_289' title='bbox 723 2786 858 2860; x_wconf 84' lang='lat' dir='ltr'><strong>praedandi</strong></span> <span class='ocrx_word' id='word_1_290' title='bbox 882 2805 944 2861; x_wconf 88' lang='lat' dir='ltr'><strong>spe,</strong></span> <span class='ocrx_word' id='word_1_291' title='bbox 975 2786 1134 2842; x_wconf 90' lang='lat' dir='ltr'><strong>tumetiam</strong></span> <span class='ocrx_word' id='word_1_292' title='bbox 1158 2786 1377 2859; x_wconf 83' lang='lat' dir='ltr'><strong>superstitiosam</strong></span> <span class='ocrx_word' id='word_1_293' title='bbox 1401 2785 1449 2840; x_wconf 86' lang='lat' dir='ltr'><strong>ali·</strong></span> 
     </span>
     <span class='ocr_line' id='line_1_29' title="bbox 155 2869 1449 2945; baseline 0.002 -22"><span class='ocrx_word' id='word_1_294' title='bbox 155 2870 331 2942; x_wconf 87' lang='lat' dir='ltr'><strong>quantulum,</strong></span> <span class='ocrx_word' id='word_1_295' title='bbox 362 2872 434 2943; x_wconf 77' lang='lat' dir='ltr'><strong>equod</strong></span> <span class='ocrx_word' id='word_1_296' title='bbox 458 2870 616 2943; x_wconf 84' lang='lat' dir='ltr'><strong>longissime</strong></span> <span class='ocrx_word' id='word_1_297' title='bbox 639 2872 745 2927; x_wconf 88' lang='lat' dir='ltr'><strong>absita</strong></span> <span class='ocrx_word' id='word_1_298' title='bbox 769 2872 867 2932; x_wconf 83' lang='lat' dir='ltr'><strong>llonm:</strong></span> <span class='ocrx_word' id='word_1_299' title='bbox 890 2880 1031 2945; x_wconf 85' lang='lat' dir='ltr'><strong>postremo</strong></span> <span class='ocrx_word' id='word_1_300' title='bbox 1054 2871 1080 2925; x_wconf 93' lang='lat' dir='ltr'><strong>id</strong></span> <span class='ocrx_word' id='word_1_301' title='bbox 1110 2871 1243 2944; x_wconf 85' lang='lat' dir='ltr'><strong>temporis</strong></span> <span class='ocrx_word' id='word_1_302' title='bbox 1271 2888 1338 2927; x_wconf 83' lang='lat' dir='ltr'><strong>nova</strong></span> <span class='ocrx_word' id='word_1_303' title='bbox 1368 2869 1449 2925; x_wconf 89' lang='lat' dir='ltr'><strong>liber·</strong></span> 
     </span>
     <span class='ocr_line' id='line_1_30' title="bbox 156 2954 1449 3029; baseline 0.002 -21"><span class='ocrx_word' id='word_1_304' title='bbox 156 2963 212 3008; x_wconf 88' lang='lat' dir='ltr'><strong>tate</strong></span> <span class='ocrx_word' id='word_1_305' title='bbox 235 2954 307 3027; x_wconf 77' lang='lat' dir='ltr'><strong>(quae</strong></span> <span class='ocrx_word' id='word_1_306' title='bbox 332 2955 439 3011; x_wconf 89' lang='lat' dir='ltr'><strong>tandem</strong></span> <span class='ocrx_word' id='word_1_307' title='bbox 463 2955 516 3010; x_wconf 90' lang='lat' dir='ltr'><strong>illis</strong></span> <span class='ocrx_word' id='word_1_308' title='bbox 539 2965 627 3011; x_wconf 85' lang='lat' dir='ltr'><strong>morte</strong></span> <span class='ocrx_word' id='word_1_309' title='bbox 650 2957 724 3029; x_wconf 87' lang='lat' dir='ltr'><strong>regis</strong></span> <span class='ocrx_word' id='word_1_310' title='bbox 748 2956 867 3012; x_wconf 79' lang='lat' dir='ltr'><strong>eutitium</strong></span> <span class='ocrx_word' id='word_1_311' title='bbox 884 2956 1048 3012; x_wconf 84' lang='lat' dir='ltr'><strong>severissimi</strong></span> <span class='ocrx_word' id='word_1_312' title='bbox 1065 2955 1230 3028; x_wconf 83' lang='lat' dir='ltr'><strong>contigerat)</strong></span> <span class='ocrx_word' id='word_1_313' title='bbox 1254 2954 1403 3011; x_wconf 84' lang='lat' dir='ltr'><strong>insolentes</strong></span> <span class='ocrx_word' id='word_1_314' title='bbox 1419 2974 1449 3011; x_wconf 90' lang='lat' dir='ltr'><strong>ac</strong></span> 
     </span>
     <span class='ocr_line' id='line_1_31' title="bbox 117 3039 1448 3115; baseline 0.005 -28"><span class='ocrx_word' id='word_1_315' title='bbox 117 3045 235 3111; x_wconf 66' lang='lat' dir='ltr'><strong>neptune</strong></span> <span class='ocrx_word' id='word_1_316' title='bbox 259 3039 469 3102; x_wconf 88' lang='lat' dir='ltr'><strong>tumultuantes,</strong></span> <span class='ocrx_word' id='word_1_317' title='bbox 492 3049 522 3094; x_wconf 88' lang='lat' dir='ltr'><strong>ut</strong></span> <span class='ocrx_word' id='word_1_318' title='bbox 545 3041 623 3096; x_wconf 88' lang='lat' dir='ltr'><strong>lacile</strong></span> <span class='ocrx_word' id='word_1_319' title='bbox 646 3042 697 3096; x_wconf 86' lang='lat' dir='ltr'><strong>iarn</strong></span> <span class='ocrx_word' id='word_1_320' title='bbox 720 3051 833 3115; x_wconf 86' lang='lat' dir='ltr'><strong>possent</strong></span> <span class='ocrx_word' id='word_1_321' title='bbox 848 3043 880 3098; x_wconf 89' lang='lat' dir='ltr'><strong>ad</strong></span> <span class='ocrx_word' id='word_1_322' title='bbox 896 3041 1016 3114; x_wconf 74' lang='lat' dir='ltr'><strong>quatieris</strong></span> <span class='ocrx_word' id='word_1_323' title='bbox 1034 3041 1163 3096; x_wconf 89' lang='lat' dir='ltr'><strong>insaniam</strong></span> <span class='ocrx_word' id='word_1_324' title='bbox 1184 3039 1352 3102; x_wconf 85' lang='lat' dir='ltr'><strong>extimulari,</strong></span> <span class='ocrx_word' id='word_1_325' title='bbox 1376 3040 1448 3113; x_wconf 91' lang='lat' dir='ltr'><strong>quod</strong></span> 
     </span>
     <span class='ocr_line' id='line_1_32' title="bbox 158 3123 1449 3200; baseline 0.001 -23"><span class='ocrx_word' id='word_1_326' title='bbox 158 3124 271 3179; x_wconf 83' lang='lat' dir='ltr'><strong>maxime</strong></span> <span class='ocrx_word' id='word_1_327' title='bbox 304 3123 433 3179; x_wconf 86' lang='lat' dir='ltr'><strong>volebam.</strong></span> <span class='ocrx_word' id='word_1_328' title='bbox 472 3127 586 3182; x_wconf 76' lang='lat' dir='ltr'><strong>arcessit</strong></span> <span class='ocrx_word' id='word_1_329' title='bbox 614 3127 646 3181; x_wconf 92' lang='lat' dir='ltr'><strong>ad</strong></span> <span class='ocrx_word' id='word_1_330' title='bbox 677 3127 910 3200; x_wconf 87' lang='lat' dir='ltr'><strong>opportunitatem</strong></span> <span class='ocrx_word' id='word_1_331' title='bbox 943 3143 1034 3181; x_wconf 82' lang='lat' dir='ltr'><strong>rerunt</strong></span> <span class='ocrx_word' id='word_1_332' title='bbox 1067 3142 1187 3181; x_wconf 86' lang='lat' dir='ltr'><strong>mearum</strong></span> <span class='ocrx_word' id='word_1_333' title='bbox 1227 3142 1273 3180; x_wconf 85' lang='lat' dir='ltr'><strong>rex</strong></span> <span class='ocrx_word' id='word_1_334' title='bbox 1305 3124 1449 3180; x_wconf 78' lang='lat' dir='ltr'><strong>ulmetium</strong></span> 
     </span>
    </p>
   </div>
   <div class='ocr_carea' id='block_1_3' title="bbox 153 3304 1522 4878">
    <p class='ocr_par' dir='ltr' id='par_1_3' title="bbox 153 3304 1522 4878">
     <span class='ocr_line' id='line_1_33' title="bbox 154 3304 1448 3369; baseline 0 -15"><span class='ocrx_word' id='word_1_335' title='bbox 154 3306 267 3368; x_wconf 80' lang='lat' dir='ltr'><strong>riesmrdo</strong></span> <span class='ocrx_word' id='word_1_336' title='bbox 290 3325 335 3355; x_wconf 86' lang='lat' dir='ltr'><strong>usn</strong></span> <span class='ocrx_word' id='word_1_337' title='bbox 357 3311 432 3356; x_wconf 79' lang='lat' dir='ltr'><strong>itttalte</strong></span> <span class='ocrx_word' id='word_1_338' title='bbox 450 3316 558 3357; x_wconf 74' lang='lat' dir='ltr'><strong>nara-ant</strong></span> <span class='ocrx_word' id='word_1_339' title='bbox 577 3309 638 3357; x_wconf 84' lang='lat' dir='ltr'><strong>Iulii</strong></span> <span class='ocrx_word' id='word_1_340' title='bbox 659 3325 756 3360; x_wconf 74' lang='lat' dir='ltr'><strong>risores.</strong></span> <span class='ocrx_word' id='word_1_341' title='bbox 780 3310 805 3356; x_wconf 84' lang='lat' dir='ltr'><strong>in</strong></span> <span class='ocrx_word' id='word_1_342' title='bbox 825 3308 946 3356; x_wconf 84' lang='lat' dir='ltr'><strong>Ioltunnie</strong></span> <span class='ocrx_word' id='word_1_343' title='bbox 970 3308 993 3355; x_wconf 92' lang='lat' dir='ltr'><strong>ll</strong></span> <span class='ocrx_word' id='word_1_344' title='bbox 1000 3308 1057 3369; x_wconf 76' lang='lat' dir='ltr'><strong>&#39;omi‘</strong></span> <span class='ocrx_word' id='word_1_345' title='bbox 1078 3309 1209 3356; x_wconf 78' lang='lat' dir='ltr'><strong>lectionum</strong></span> <span class='ocrx_word' id='word_1_346' title='bbox 1226 3322 1326 3356; x_wconf 76' lang='lat' dir='ltr'><strong>ineatur.</strong></span> <span class='ocrx_word' id='word_1_347' title='bbox 1346 3304 1408 3356; x_wconf 71' lang='lat' dir='ltr'><strong>tora·</strong></span> <span class='ocrx_word' id='word_1_348' title='bbox 1419 3311 1448 3354; x_wconf 89' lang='grc'><strong>11.</strong></span> 
     </span>
     <span class='ocr_line' id='line_1_34' title="bbox 153 3389 1449 3456; baseline 0 -18"><span class='ocrx_word' id='word_1_349' title='bbox 153 3407 181 3454; x_wconf 83' lang='lat' dir='ltr'><strong>p.</strong></span> <span class='ocrx_word' id='word_1_350' title='bbox 197 3393 239 3438; x_wconf 82' lang='grc'><strong>21.</strong></span> <span class='ocrx_word' id='word_1_351' title='bbox 259 3393 350 3453; x_wconf 74' lang='lat' dir='ltr'><strong>legitur</strong></span> <span class='ocrx_word' id='word_1_352' title='bbox 367 3392 420 3452; x_wconf 87' lang='lat' dir='ltr'><strong>„ln</strong></span> <span class='ocrx_word' id='word_1_353' title='bbox 439 3394 635 3442; x_wconf 81' lang='lat' dir='ltr'><strong>commentario</strong></span> <span class='ocrx_word' id='word_1_354' title='bbox 654 3391 847 3456; x_wconf 83' lang='lat' dir='ltr'><strong>magistrorum</strong></span> <span class='ocrx_word' id='word_1_355' title='bbox 864 3391 1073 3442; x_wconf 82' lang='lat' dir='ltr'><strong>Purisieneium.</strong></span> <span class='ocrx_word' id='word_1_356' title='bbox 1110 3391 1228 3455; x_wconf 85' lang='lat' dir='ltr'><strong>Legitur</strong></span> <span class='ocrx_word' id='word_1_357' title='bbox 1251 3391 1279 3438; x_wconf 91' lang='lat' dir='ltr'><strong>in</strong></span> <span class='ocrx_word' id='word_1_358' title='bbox 1301 3389 1354 3438; x_wconf 83' lang='lat' dir='ltr'><strong>ltoc</strong></span> <span class='ocrx_word' id='word_1_359' title='bbox 1379 3406 1449 3439; x_wconf 90' lang='lat' dir='ltr'><strong>eom·</strong></span> 
     </span>
     <span class='ocr_line' id='line_1_35' title="bbox 155 3474 1449 3541; baseline 0.002 -20"><span class='ocrx_word' id='word_1_360' title='bbox 155 3476 292 3523; x_wconf 85' lang='lat' dir='ltr'><strong>ruenterio</strong></span> <span class='ocrx_word' id='word_1_361' title='bbox 310 3475 344 3523; x_wconf 88' lang='lat' dir='ltr'><strong>de</strong></span> <span class='ocrx_word' id='word_1_362' title='bbox 363 3475 432 3524; x_wconf 91' lang='lat' dir='ltr'><strong>lulio</strong></span> <span class='ocrx_word' id='word_1_363' title='bbox 451 3477 571 3525; x_wconf 89' lang='lat' dir='ltr'><strong>secundo</strong></span> <span class='ocrx_word' id='word_1_364' title='bbox 584 3477 669 3541; x_wconf 85' lang='lat' dir='ltr'><strong>Papo,</strong></span> <span class='ocrx_word' id='word_1_365' title='bbox 690 3475 760 3539; x_wconf 86' lang='lat' dir='ltr'><strong>qnod</strong></span> <span class='ocrx_word' id='word_1_366' title='bbox 779 3475 883 3524; x_wconf 72' lang='lat' dir='ltr'><strong>(luobus</strong></span> <span class='ocrx_word' id='word_1_367' title='bbox 902 3475 1069 3524; x_wconf 83' lang='lat' dir='ltr'><strong>nobilissimi</strong></span> <span class='ocrx_word' id='word_1_368' title='bbox 1087 3476 1197 3537; x_wconf 80' lang='lat' dir='ltr'><strong>generis</strong></span> <span class='ocrx_word' id='word_1_369' title='bbox 1217 3474 1449 3536; x_wconf 83' lang='lat' dir='ltr'><strong>adolescentibus,</strong></span> 
     </span>
     <span class='ocr_line' id='line_1_36' title="bbox 155 3558 1449 3625; baseline 0 -19"><span class='ocrx_word' id='word_1_370' title='bbox 155 3574 224 3622; x_wconf 80' lang='lat' dir='ltr'><strong>quos</strong></span> <span class='ocrx_word' id='word_1_371' title='bbox 237 3560 317 3608; x_wconf 80' lang='lat' dir='ltr'><strong>Anna</strong></span> <span class='ocrx_word' id='word_1_372' title='bbox 330 3560 483 3609; x_wconf 82' lang='lat' dir='ltr'><strong>Galliarum</strong></span> <span class='ocrx_word' id='word_1_373' title='bbox 496 3562 594 3625; x_wconf 85' lang='lat' dir='ltr'><strong>regina</strong></span> <span class='ocrx_word' id='word_1_374' title='bbox 607 3561 759 3610; x_wconf 84' lang='lat' dir='ltr'><strong>Nanetensi</strong></span> <span class='ocrx_word' id='word_1_375' title='bbox 778 3559 913 3609; x_wconf 84' lang='lat' dir='ltr'><strong>cardinali</strong></span> <span class='ocrx_word' id='word_1_376' title='bbox 933 3558 1121 3608; x_wconf 83' lang='lat' dir='ltr'><strong>informandos</strong></span> <span class='ocrx_word' id='word_1_377' title='bbox 1140 3559 1324 3611; x_wconf 77' lang='lat' dir='ltr'><strong>conanaieerat,</strong></span> <span class='ocrx_word' id='word_1_378' title='bbox 1344 3563 1372 3606; x_wconf 90' lang='lat' dir='ltr'><strong>et</strong></span> <span class='ocrx_word' id='word_1_379' title='bbox 1385 3558 1449 3607; x_wconf 82' lang='lat' dir='ltr'><strong>aliis</strong></span> 
     </span>
     <span class='ocr_line' id='line_1_37' title="bbox 155 3623 1482 3710; baseline 0.001 -20"><span class='ocrx_word' id='word_1_380' title='bbox 155 3642 250 3692; x_wconf 87' lang='lat' dir='ltr'><strong>multis</strong></span> <span class='ocrx_word' id='word_1_381' title='bbox 268 3643 408 3693; x_wconf 76' lang='lat' dir='ltr'><strong>diabolica</strong></span> <span class='ocrx_word' id='word_1_382' title='bbox 427 3645 505 3693; x_wconf 83' lang='lat' dir='ltr'><strong>rabie</strong></span> <span class='ocrx_word' id='word_1_383' title='bbox 524 3645 602 3710; x_wconf 72' lang='lat' dir='ltr'><strong>(proh</strong></span> <span class='ocrx_word' id='word_1_384' title='bbox 622 3645 743 3707; x_wconf 81' lang='lat' dir='ltr'><strong>facinus)</strong></span> <span class='ocrx_word' id='word_1_385' title='bbox 763 3651 884 3709; x_wconf 86' lang='lat' dir='ltr'><strong>stuprum</strong></span> <span class='ocrx_word' id='word_1_386' title='bbox 905 3643 1038 3692; x_wconf 90' lang='lat' dir='ltr'><strong>intulerit.</strong></span> <span class='ocrx_word' id='word_1_387' title='bbox 1075 3642 1170 3691; x_wconf 88' lang='lat' dir='ltr'><strong>Simile</strong></span> <span class='ocrx_word' id='word_1_388' title='bbox 1190 3641 1319 3706; x_wconf 84' lang='lat' dir='ltr'><strong>quiddam</strong></span> <span class='ocrx_word' id='word_1_389' title='bbox 1339 3643 1374 3691; x_wconf 76' lang='lat' dir='ltr'><strong>eli</strong></span> <span class='ocrx_word' id='word_1_390' title='bbox 1393 3642 1449 3692; x_wconf 82' lang='lat' dir='ltr'><strong>alio</strong></span> <span class='ocrx_word' id='word_1_391' title='bbox 1467 3623 1482 3636; x_wconf 31' lang='grc' dir='ltr'><em>Α</em></span> 
     </span>
     <span class='ocr_line' id='line_1_38' title="bbox 154 3727 1045 3790; baseline -0.001 -14"><span class='ocrx_word' id='word_1_392' title='bbox 154 3728 290 3790; x_wconf 82' lang='lat' dir='ltr'><strong>scriptore</strong></span> <span class='ocrx_word' id='word_1_393' title='bbox 311 3733 450 3790; x_wconf 77' lang='lat' dir='ltr'><strong>narratur,</strong></span> <span class='ocrx_word' id='word_1_394' title='bbox 471 3730 515 3778; x_wconf 88' lang='lat' dir='ltr'><strong>eui</strong></span> <span class='ocrx_word' id='word_1_395' title='bbox 534 3729 680 3779; x_wconf 73' lang='lat' dir='ltr'><strong>(terbelius</strong></span> <span class='ocrx_word' id='word_1_396' title='bbox 698 3730 750 3779; x_wconf 88' lang='lat' dir='ltr'><strong>hoc</strong></span> <span class='ocrx_word' id='word_1_397' title='bbox 769 3728 876 3777; x_wconf 83' lang='lat' dir='ltr'><strong>addidit</strong></span> <span class='ocrx_word' id='word_1_398' title='bbox 892 3727 1045 3777; x_wconf 85' lang='lat' dir='ltr'><strong>distichon:</strong></span> 
     </span>
     <span class='ocr_line' id='line_1_39' title="bbox 459 3811 1096 3878; baseline -0.003 -16"><span class='ocrx_word' id='word_1_399' title='bbox 459 3813 543 3862; x_wconf 87' lang='lat' dir='ltr'><strong>Venit</strong></span> <span class='ocrx_word' id='word_1_400' title='bbox 562 3814 590 3860; x_wconf 90' lang='lat' dir='ltr'><strong>in</strong></span> <span class='ocrx_word' id='word_1_401' title='bbox 609 3814 721 3862; x_wconf 85' lang='lat' dir='ltr'><strong>ltaliam</strong></span> <span class='ocrx_word' id='word_1_402' title='bbox 740 3811 903 3878; x_wconf 85' lang='lat' dir='ltr'><strong>spectabilis</strong></span> <span class='ocrx_word' id='word_1_403' title='bbox 922 3811 1013 3861; x_wconf 86' lang='lat' dir='ltr'><strong>indole</strong></span> <span class='ocrx_word' id='word_1_404' title='bbox 1032 3825 1096 3860; x_wconf 81' lang='lat' dir='ltr'><strong>rure</strong></span> 
     </span>
     <span class='ocr_line' id='line_1_40' title="bbox 460 3896 1027 3962; baseline 0.002 -18"><span class='ocrx_word' id='word_1_405' title='bbox 460 3897 626 3959; x_wconf 66' lang='lat' dir='ltr'><strong>(terinaeus,</strong></span> <span class='ocrx_word' id='word_1_406' title='bbox 647 3898 730 3947; x_wconf 91' lang='lat' dir='ltr'><strong>rediit</strong></span> <span class='ocrx_word' id='word_1_407' title='bbox 748 3899 781 3947; x_wconf 90' lang='lat' dir='ltr'><strong>de</strong></span> <span class='ocrx_word' id='word_1_408' title='bbox 800 3912 885 3962; x_wconf 88' lang='lat' dir='ltr'><strong>puero</strong></span> <span class='ocrx_word' id='word_1_409' title='bbox 904 3896 1027 3945; x_wconf 64' lang='lat' dir='ltr'><strong>munem*</strong></span> 
     </span>
     <span class='ocr_line' id='line_1_41' title="bbox 158 3977 1449 4046; baseline -0.003 -16"><span class='ocrx_word' id='word_1_410' title='bbox 158 3981 567 4044; x_wconf 52' lang='grc' dir='ltr'><strong>(Μαρια1ιι1ω11.ιιοι.111.</strong></span> <span class='ocrx_word' id='word_1_411' title='bbox 622 3987 742 4031; x_wconf 89' lang='lat' dir='ltr'><strong>mutuum</strong></span> <span class='ocrx_word' id='word_1_412' title='bbox 761 3981 809 4046; x_wconf 73' lang='lat' dir='ltr'><strong>(qa</strong></span> <span class='ocrx_word' id='word_1_413' title='bbox 828 3982 908 4030; x_wconf 83' lang='lat' dir='ltr'><strong>aiunt</strong></span> <span class='ocrx_word' id='word_1_414' title='bbox 925 3978 1107 4044; x_wconf 67' lang='lat' dir='ltr'><strong>(mqu&#39;esbunt</strong></span> <span class='ocrx_word' id='word_1_415' title='bbox 1120 3983 1143 4029; x_wconf 91' lang='grc'><strong>1.</strong></span> <span class='ocrx_word' id='word_1_416' title='bbox 1163 3979 1285 4028; x_wconf 86' lang='lat' dir='ltr'><strong>Mutuum</strong></span> <span class='ocrx_word' id='word_1_417' title='bbox 1305 3977 1370 4027; x_wconf 75' lang='lat' dir='ltr'><strong>inuti</strong></span> <span class='ocrx_word' id='word_1_418' title='bbox 1390 3993 1449 4026; x_wconf 81' lang='lat' dir='ltr'><strong>sce·</strong></span> 
     </span>
     <span class='ocr_line' id='line_1_42' title="bbox 156 4063 1221 4130; baseline 0 -16"><span class='ocrx_word' id='word_1_419' title='bbox 156 4067 238 4126; x_wconf 73' lang='lat' dir='ltr'><strong>burst,</strong></span> <span class='ocrx_word' id='word_1_420' title='bbox 256 4066 376 4129; x_wconf 75' lang='lat' dir='ltr'><strong>proverb.</strong></span> <span class='ocrx_word' id='word_1_421' title='bbox 389 4067 421 4114; x_wconf 82' lang='lat' dir='ltr'><strong>ale</strong></span> <span class='ocrx_word' id='word_1_422' title='bbox 441 4081 488 4130; x_wconf 85' lang='lat' dir='ltr'><strong>quo</strong></span> <span class='ocrx_word' id='word_1_423' title='bbox 507 4066 541 4127; x_wconf 76' lang='lat' dir='ltr'><strong>rs.</strong></span> <span class='ocrx_word' id='word_1_424' title='bbox 554 4081 577 4115; x_wconf 82' lang='lat' dir='ltr'><strong>e.</strong></span> <span class='ocrx_word' id='word_1_425' title='bbox 589 4081 630 4128; x_wconf 80' lang='lat' dir='ltr'><strong>pr.</strong></span> <span class='ocrx_word' id='word_1_426' title='bbox 644 4067 741 4116; x_wconf 77' lang='lat' dir='ltr'><strong>Arason.</strong></span> <span class='ocrx_word' id='word_1_427' title='bbox 753 4067 832 4129; x_wconf 72' lang='lat' dir='ltr'><strong>prens.</strong></span> <span class='ocrx_word' id='word_1_428' title='bbox 845 4069 974 4128; x_wconf 74' lang='lat' dir='ltr'><strong>monosyll.</strong></span> <span class='ocrx_word' id='word_1_429' title='bbox 987 4081 1013 4128; x_wconf 85' lang='grc' dir='ltr'><strong>ιι.</strong></span> <span class='ocrx_word' id='word_1_430' title='bbox 1028 4064 1087 4113; x_wconf 77' lang='lat'><strong>476.</strong></span> <span class='ocrx_word' id='word_1_431' title='bbox 1101 4065 1142 4116; x_wconf 80' lang='lat' dir='ltr'><strong>erl.</strong></span> <span class='ocrx_word' id='word_1_432' title='bbox 1160 4063 1221 4114; x_wconf 84' lang='lat' dir='ltr'><strong>Tell.</strong></span> 
     </span>
     <span class='ocr_line' id='line_1_43' title="bbox 223 4145 1450 4215; baseline -0.005 -16"><span class='ocrx_word' id='word_1_433' title='bbox 223 4149 315 4215; x_wconf 74' lang='lat' dir='ltr'><strong>⁸Atq3</strong></span> <span class='ocrx_word' id='word_1_434' title='bbox 334 4153 430 4202; x_wconf 81' lang='lat' dir='ltr'><strong>2.8.!l.</strong></span> <span class='ocrx_word' id='word_1_435' title='bbox 449 4151 539 4213; x_wconf 81' lang='lat' dir='ltr'><strong>Atque</strong></span> <span class='ocrx_word' id='word_1_436' title='bbox 560 4151 657 4199; x_wconf 78' lang='grc'><strong>3515.</strong></span> <span class='ocrx_word' id='word_1_437' title='bbox 710 4148 865 4214; x_wconf 81' lang='lat' dir='ltr'><strong>‘inprimis</strong></span> <span class='ocrx_word' id='word_1_438' title='bbox 884 4152 1023 4199; x_wconf 61' lang='lat' dir='ltr'><strong>miodo.</strong></span> <span class='ocrx_word' id='word_1_439' title='bbox 1043 4149 1071 4197; x_wconf 92' lang='lat' dir='ltr'><strong>in</strong></span> <span class='ocrx_word' id='word_1_440' title='bbox 1089 4165 1129 4213; x_wconf 91' lang='lat' dir='ltr'><strong>pr.</strong></span> <span class='ocrx_word' id='word_1_441' title='bbox 1144 4150 1242 4198; x_wconf 78' lang='grc'><strong>3511.</strong></span> <span class='ocrx_word' id='word_1_442' title='bbox 1301 4162 1334 4194; x_wconf 87' lang='lat' dir='ltr'><strong>ac</strong></span> <span class='ocrx_word' id='word_1_443' title='bbox 1353 4145 1450 4210; x_wconf 78' lang='lat' dir='ltr'><strong>praeci-</strong></span> 
     </span>
     <span class='ocr_line' id='line_1_44' title="bbox 156 4231 1522 4300; baseline -0.004 -17"><span class='ocrx_word' id='word_1_444' title='bbox 156 4249 209 4300; x_wconf 88' lang='lat' dir='ltr'><strong>pue</strong></span> <span class='ocrx_word' id='word_1_445' title='bbox 229 4237 383 4284; x_wconf 81' lang='grc'><strong>2.3.5.8.11,</strong></span> <span class='ocrx_word' id='word_1_446' title='bbox 437 4234 596 4298; x_wconf 71' lang='lat' dir='ltr'><strong>⁷pernosse</strong></span> <span class='ocrx_word' id='word_1_447' title='bbox 615 4235 742 4281; x_wconf 83' lang='grc'><strong>2.3.8.11.</strong></span> <span class='ocrx_word' id='word_1_448' title='bbox 798 4231 819 4264; x_wconf 85' lang='lat'><strong>¹²</strong></span> <span class='ocrx_word' id='word_1_449' title='bbox 845 4251 870 4297; x_wconf 91' lang='lat' dir='ltr'><strong>q.</strong></span> <span class='ocrx_word' id='word_1_450' title='bbox 890 4234 968 4282; x_wconf 87' lang='lat' dir='ltr'><strong>Tune</strong></span> <span class='ocrx_word' id='word_1_451' title='bbox 989 4236 1030 4282; x_wconf 81' lang='grc'><strong>10.</strong></span> <span class='ocrx_word' id='word_1_452' title='bbox 1085 4231 1106 4264; x_wconf 81' lang='lat'><strong>¹⁸</strong></span> <span class='ocrx_word' id='word_1_453' title='bbox 1124 4231 1228 4296; x_wconf 80' lang='lat' dir='ltr'><strong>alioqui</strong></span> <span class='ocrx_word' id='word_1_454' title='bbox 1251 4246 1305 4279; x_wconf 85' lang='lat' dir='ltr'><strong>neu</strong></span> <span class='ocrx_word' id='word_1_455' title='bbox 1325 4233 1450 4280; x_wconf 70' lang='lat' dir='ltr'><strong>enan.</strong></span> <span class='ocrx_word' id='word_1_456' title='bbox 1517 4254 1522 4265; x_wconf 83' lang='grc'><em>·</em></span> 
     </span>
     <span class='ocr_line' id='line_1_45' title="bbox 155 4313 1449 4376; baseline -0.004 -10"><span class='ocrx_word' id='word_1_457' title='bbox 155 4315 177 4350; x_wconf 82' lang='lat'><strong>¹⁴</strong></span> <span class='ocrx_word' id='word_1_458' title='bbox 190 4319 261 4366; x_wconf 87' lang='lat' dir='ltr'><strong>cuim</strong></span> <span class='ocrx_word' id='word_1_459' title='bbox 276 4321 414 4367; x_wconf 81' lang='lat'><strong><em>!.5.10.15.</em></strong></span> <span class='ocrx_word' id='word_1_460' title='bbox 434 4324 526 4366; x_wconf 78' lang='lat' dir='ltr'><strong>utitem</strong></span> <span class='ocrx_word' id='word_1_461' title='bbox 539 4319 591 4367; x_wconf 80' lang='lat' dir='ltr'><strong>alti.</strong></span> <span class='ocrx_word' id='word_1_462' title='bbox 628 4314 649 4347; x_wconf 78' lang='lat'><strong>¹⁷</strong></span> <span class='ocrx_word' id='word_1_463' title='bbox 667 4353 673 4376; x_wconf 91' lang='lat'><strong>,</strong></span> <span class='ocrx_word' id='word_1_464' title='bbox 688 4331 741 4365; x_wconf 87' lang='lat' dir='ltr'><strong>non</strong></span> <span class='ocrx_word' id='word_1_465' title='bbox 755 4316 817 4366; x_wconf 86' lang='lat' dir='ltr'><strong>fidei</strong></span> <span class='ocrx_word' id='word_1_466' title='bbox 831 4321 956 4367; x_wconf 66' lang='lat' dir='ltr'><strong>naen.</strong></span> <span class='ocrx_word' id='word_1_467' title='bbox 976 4317 1040 4366; x_wconf 84' lang='lat' dir='ltr'><strong>fidei</strong></span> <span class='ocrx_word' id='word_1_468' title='bbox 1052 4331 1106 4366; x_wconf 90' lang='lat' dir='ltr'><strong>non</strong></span> <span class='ocrx_word' id='word_1_469' title='bbox 1120 4315 1263 4365; x_wconf 71' lang='lat' dir='ltr'><strong>admodum</strong></span> <span class='ocrx_word' id='word_1_470' title='bbox 1276 4313 1366 4363; x_wconf 83' lang='lat' dir='ltr'><strong>adem.</strong></span> <span class='ocrx_word' id='word_1_471' title='bbox 1381 4316 1449 4362; x_wconf 91' lang='grc'><strong>5.15.</strong></span> 
     </span>
     <span class='ocr_line' id='line_1_46' title="bbox 158 4395 1451 4466; baseline -0.005 -16"><span class='ocrx_word' id='word_1_472' title='bbox 158 4402 178 4433; x_wconf 71' lang='lat'><strong>¹⁸</strong></span> <span class='ocrx_word' id='word_1_473' title='bbox 191 4399 259 4466; x_wconf 87' lang='lat' dir='ltr'><strong>tum]</strong></span> <span class='ocrx_word' id='word_1_474' title='bbox 273 4407 368 4450; x_wconf 82' lang='lat' dir='ltr'><strong>tamen</strong></span> <span class='ocrx_word' id='word_1_475' title='bbox 382 4405 477 4452; x_wconf 77' lang='lat' dir='ltr'><strong>8.8.1l.</strong></span> <span class='ocrx_word' id='word_1_476' title='bbox 516 4400 536 4433; x_wconf 78' lang='lat'><strong>¹⁹</strong></span> <span class='ocrx_word' id='word_1_477' title='bbox 549 4398 599 4464; x_wconf 78' lang='lat' dir='ltr'><strong>Ad]</strong></span> <span class='ocrx_word' id='word_1_478' title='bbox 614 4402 649 4449; x_wconf 79' lang='lat' dir='ltr'><strong>nt</strong></span> <span class='ocrx_word' id='word_1_479' title='bbox 663 4405 685 4449; x_wconf 85' lang='lat'><strong>1.</strong></span> <span class='ocrx_word' id='word_1_480' title='bbox 726 4398 1187 4466; x_wconf 69' lang='lat' dir='ltr'><strong>”pecuniis...partimmmmm</strong></span> <span class='ocrx_word' id='word_1_481' title='bbox 1219 4395 1256 4463; x_wconf 85' lang='lat' dir='ltr'><strong>ct]</strong></span> <span class='ocrx_word' id='word_1_482' title='bbox 1269 4397 1369 4462; x_wconf 80' lang='lat' dir='ltr'><strong>partim</strong></span> <span class='ocrx_word' id='word_1_483' title='bbox 1385 4400 1451 4445; x_wconf 87' lang='grc'><strong>1.10.</strong></span> 
     </span>
     <span class='ocr_line' id='line_1_47' title="bbox 155 4481 1452 4550; baseline -0.006 -16"><span class='ocrx_word' id='word_1_484' title='bbox 155 4485 377 4550; x_wconf 71' lang='lat' dir='ltr'><strong>²’literiszptim</strong></span> <span class='ocrx_word' id='word_1_485' title='bbox 392 4488 510 4536; x_wconf 78' lang='lat' dir='ltr'><strong>nutiist.</strong></span> <span class='ocrx_word' id='word_1_486' title='bbox 558 4484 914 4549; x_wconf 64' lang='grc' dir='ltr'><strong>21ιιιιο....1ιιοιι11ιιιιοιι.1.</strong></span> <span class='ocrx_word' id='word_1_487' title='bbox 955 4481 978 4514; x_wconf 70' lang='lat'><strong>‘³</strong></span> <span class='ocrx_word' id='word_1_488' title='bbox 991 4483 1093 4548; x_wconf 68' lang='lat' dir='ltr'><strong>duplos</strong></span> <span class='ocrx_word' id='word_1_489' title='bbox 1105 4487 1300 4546; x_wconf 68' lang='lat' dir='ltr'><strong>umaeapra’ter</strong></span> <span class='ocrx_word' id='word_1_490' title='bbox 1313 4483 1353 4529; x_wconf 87' lang='lat'><strong>10.</strong></span> <span class='ocrx_word' id='word_1_491' title='bbox 1390 4493 1452 4528; x_wconf 85' lang='lat' dir='ltr'><strong>esse</strong></span> 
     </span>
     <span class='ocr_line' id='line_1_48' title="bbox 157 4561 1452 4626; baseline -0.006 -8"><span class='ocrx_word' id='word_1_492' title='bbox 157 4571 186 4618; x_wconf 92' lang='lat' dir='ltr'><strong>in</strong></span> <span class='ocrx_word' id='word_1_493' title='bbox 204 4570 237 4618; x_wconf 81' lang='lat' dir='ltr'><strong>G.</strong></span> <span class='ocrx_word' id='word_1_494' title='bbox 251 4573 448 4620; x_wconf 77' lang='lat' dir='ltr'><strong>2.³.5.8.tt.t5.</strong></span> <span class='ocrx_word' id='word_1_495' title='bbox 501 4567 523 4600; x_wconf 75' lang='lat'><strong>²⁶</strong></span> <span class='ocrx_word' id='word_1_496' title='bbox 543 4573 571 4617; x_wconf 89' lang='lat' dir='ltr'><strong>et</strong></span> <span class='ocrx_word' id='word_1_497' title='bbox 591 4569 618 4617; x_wconf 90' lang='lat' dir='ltr'><strong>in</strong></span> <span class='ocrx_word' id='word_1_498' title='bbox 637 4570 672 4617; x_wconf 86' lang='lat' dir='ltr'><strong>iis</strong></span> <span class='ocrx_word' id='word_1_499' title='bbox 691 4586 715 4617; x_wconf 91' lang='lat' dir='ltr'><strong>c.</strong></span> <span class='ocrx_word' id='word_1_500' title='bbox 729 4569 854 4619; x_wconf 78' lang='lat' dir='ltr'><strong>2.3.8.tt.</strong></span> <span class='ocrx_word' id='word_1_501' title='bbox 875 4570 903 4617; x_wconf 91' lang='lat' dir='ltr'><strong>in</strong></span> <span class='ocrx_word' id='word_1_502' title='bbox 922 4568 965 4617; x_wconf 86' lang='lat' dir='ltr'><strong>bis</strong></span> <span class='ocrx_word' id='word_1_503' title='bbox 980 4572 1019 4616; x_wconf 89' lang='grc'><strong>15.</strong></span> <span class='ocrx_word' id='word_1_504' title='bbox 1038 4565 1082 4616; x_wconf 83' lang='lat' dir='ltr'><strong>hie</strong></span> <span class='ocrx_word' id='word_1_505' title='bbox 1100 4583 1121 4616; x_wconf 82' lang='lat' dir='ltr'><strong>a.</strong></span> <span class='ocrx_word' id='word_1_506' title='bbox 1141 4568 1177 4615; x_wconf 84' lang='lat' dir='ltr'><strong>iis</strong></span> <span class='ocrx_word' id='word_1_507' title='bbox 1194 4567 1265 4617; x_wconf 83' lang='lat' dir='ltr'><strong>omia.</strong></span> <span class='ocrx_word' id='word_1_508' title='bbox 1277 4569 1303 4614; x_wconf 89' lang='grc'><strong>5.</strong></span> <span class='ocrx_word' id='word_1_509' title='bbox 1349 4561 1372 4594; x_wconf 77' lang='lat'><strong>²⁷</strong></span> <span class='ocrx_word' id='word_1_510' title='bbox 1390 4578 1452 4626; x_wconf 82' lang='lat' dir='ltr'><strong>sup</strong></span> 
     </span>
     <span class='ocr_line' id='line_1_49' title="bbox 156 4647 1452 4718; baseline -0.006 -15"><span class='ocrx_word' id='word_1_511' title='bbox 156 4655 302 4703; x_wconf 79' lang='lat' dir='ltr'><strong>atieiosam</strong></span> <span class='ocrx_word' id='word_1_512' title='bbox 321 4657 348 4703; x_wconf 81' lang='grc'><strong>3.</strong></span> <span class='ocrx_word' id='word_1_513' title='bbox 395 4653 417 4684; x_wconf 70' lang='lat'><strong>²⁸</strong></span> <span class='ocrx_word' id='word_1_514' title='bbox 436 4650 519 4718; x_wconf 78' lang='lat' dir='ltr'><strong>regis]</strong></span> <span class='ocrx_word' id='word_1_515' title='bbox 540 4651 656 4701; x_wconf 79' lang='lat' dir='ltr'><strong>Hearici</strong></span> <span class='ocrx_word' id='word_1_516' title='bbox 674 4653 807 4711; x_wconf 75' lang='lat' dir='ltr'><strong>t&#39;11.†a.</strong></span> <span class='ocrx_word' id='word_1_517' title='bbox 824 4651 896 4700; x_wconf 70' lang='lat' dir='ltr'><strong>taen.</strong></span> <span class='ocrx_word' id='word_1_518' title='bbox 944 4650 967 4682; x_wconf 78' lang='lat'><strong>³⁰</strong></span> <span class='ocrx_word' id='word_1_519' title='bbox 985 4650 1156 4701; x_wconf 77' lang='lat' dir='ltr'><strong>exstimulsri</strong></span> <span class='ocrx_word' id='word_1_520' title='bbox 1168 4653 1210 4699; x_wconf 87' lang='grc'><strong>15.</strong></span> <span class='ocrx_word' id='word_1_521' title='bbox 1259 4647 1382 4712; x_wconf 86' lang='lat' dir='ltr'><strong>quodque</strong></span> <span class='ocrx_word' id='word_1_522' title='bbox 1401 4649 1452 4696; x_wconf 81' lang='lat' dir='ltr'><strong>etr&#39;t.</strong></span> 
     </span>
     <span class='ocr_line' id='line_1_50' title="bbox 156 4733 1453 4869; baseline -0.005 -83"><span class='ocrx_word' id='word_1_523' title='bbox 156 4737 177 4770; x_wconf 86' lang='lat'><strong>³¹</strong></span> <span class='ocrx_word' id='word_1_524' title='bbox 198 4740 413 4803; x_wconf 84' lang='lat' dir='ltr'><strong>oportuuitatem</strong></span> <span class='ocrx_word' id='word_1_525' title='bbox 427 4743 451 4786; x_wconf 86' lang='lat'><strong>2.</strong></span> <span class='ocrx_word' id='word_1_526' title='bbox 499 4737 708 4869; x_wconf 49' lang='lat' dir='ltr'><strong>rexhilenricus</strong></span> <span class='ocrx_word' id='word_1_527' title='bbox 720 4736 797 4784; x_wconf 85' lang='lat' dir='ltr'><strong>Vlll.</strong></span> <span class='ocrx_word' id='word_1_528' title='bbox 810 4740 892 4784; x_wconf 84' lang='lat' dir='ltr'><strong>nctus</strong></span> <span class='ocrx_word' id='word_1_529' title='bbox 906 4750 931 4783; x_wconf 86' lang='grc' dir='ltr'><strong>ιι.</strong></span> <span class='ocrx_word' id='word_1_530' title='bbox 940 4733 1014 4783; x_wconf 79' lang='grc'><strong>14111.</strong></span> <span class='ocrx_word' id='word_1_531' title='bbox 1032 4734 1212 4784; x_wconf 76' lang='lat' dir='ltr'><strong>catherinam</strong></span> <span class='ocrx_word' id='word_1_532' title='bbox 1225 4733 1453 4795; x_wconf 76' lang='lat' dir='ltr'><strong>Arragonensem,</strong></span> 
     </span>
     <span class='ocr_line' id='line_1_51' title="bbox 221 4817 1231 4878; baseline -0.003 -7"><span class='ocrx_word' id='word_1_533' title='bbox 221 4823 353 4872; x_wconf 82' lang='lat' dir='ltr'><strong>llvrrcsr</strong></span> <span class='ocrx_word' id='word_1_534' title='bbox 375 4823 442 4871; x_wconf 78' lang='lat' dir='ltr'><strong>Ore.</strong></span> <span class='ocrx_word' id='word_1_535' title='bbox 464 4837 526 4871; x_wconf 84' lang='lat' dir='ltr'><strong>vor..</strong></span> <span class='ocrx_word' id='word_1_536' title='bbox 578 4822 612 4869; x_wconf 88' lang='lat'><strong>11.</strong></span> <span class='ocrx_word' id='word_1_537' title='bbox 1008 4822 1016 4842; x_wconf 84' lang='lat'>&#39;</span> <span class='ocrx_word' id='word_1_538' title='bbox 1190 4817 1231 4878; x_wconf 76' lang='grc'><strong>29</strong></span> 
     </span>
    </p>
   </div>
   <div class='ocr_carea' id='block_1_4' title="bbox 0 0 1646 5414">
    <p class='ocr_par' dir='ltr' id='par_1_4' title="bbox 0 0 1646 5414">
     <span class='ocr_line' id='line_1_52' title="bbox 0 0 1646 5414; baseline 0 0"><span class='ocrx_word' id='word_1_539' title='bbox 0 0 1646 5414; x_wconf 95' lang='lat' dir='ltr'><strong> </strong></span> 
     </span>
    </p>
   </div>
  </div>
 </body>
</html>
