3276 5414
264 358 336 431 314
420 376 494 427 ven.
567 392 657 428 nunna
678 392 701 428 ιι.
721 395 882 430 aerumma.
941 396 1080 433 arenosus
1100 398 1285 436 meramors.
1317 385 1406 449 (atra.)

328 567 439 609 avum.
477 546 580 608 ,tdirue
603 556 775 616 contemno,
799 550 853 610 uisi
877 549 974 610 sidero
998 550 1084 612 tutem
1108 571 1172 614 esse
1195 563 1233 624 te,
1257 563 1289 616 ut
1311 558 1341 617 in
1357 557 1459 619 bullas
1475 560 1570 639 imne-

264 648 340 708 rium
363 648 481 709 habeas.

196 758 253 807 §.tn
326 770 499 814 armamus.
537 751 617 812 niue
640 752 759 830 inquam
783 752 960 814 Libertatem
983 754 1069 823 mihi,
1097 757 1121 815 si
1144 758 1237 818 ainrico
1260 760 1300 820 nti
1325 760 1467 822 volneris.

327 873 489 914 muneras.
528 852 641 913 Turne
665 854 801 914 adiuvare
824 854 931 915 andes?

327 973 499 1015 nvrrnuvs.
538 955 692 1033 Siquidem·
711 957 836 1032 possim,
861 956 1012 1018 arulenter.
1239 970 1244 979 “
1572 978 1584 1015 ι

326 1061 489 1118 mannans.
527 1056 563 1116 ,u
585 1073 651 1134 quae
673 1064 775 1118 emuna
798 1057 873 1118 haue
895 1059 952 1118 vim
975 1058 1080 1119 airrilia
1103 1061 1208 1122 uubis?

326 1176 500 1219 nvrrnnvs.
539 1157 568 1217 Si
592 1157 699 1217 auritio
721 1146 851 1237 urr'quam
874 1177 948 1237 euris
971 1163 1042 1229 erit,
1072 1161 1207 1240 pileatam
1230 1165 1297 1227 ‘huc
1325 1167 1445 1245 plebem
1474 1173 1560 1231 siste·

261 1257 413 1343 {ffltfffflf'l
436 1277 516 1327 mus,
541 1267 570 1318 et
592 1257 701 1320 liberos
724 1263 752 1321 iu
775 1264 930 1323 Germania
954 1281 1072 1332 orantes,
1096 1265 1173 1325 hune
1196 1267 1338 1345 imprimis
1353 1269 1558 1337 Fremisenni,

263 1363 312 1441 qni
335 1362 427 1421 terium
450 1360 620 1421 iarudmhnu
642 1361 694 1421 tibi
717 1369 745 1421 et
767 1380 848 1422 aram
871 1363 994 1427 dedicat.

325 1481 487 1524 mennam.
526 1462 651 1523 Ermisti
679 1482 742 1532 ιιιιι,
775 1465 872 1525 invicti
900 1465 999 1525 herois
1026 1477 1257 1528 ennmiernerato
1286 1473 1413 1533 nomine.
1461 1475 1557 1536 aderit
1570 1489 1590 1524 u

261 1583 331 1625 vero
354 1564 456 1624 nohis?

327 1686 498 1728 nummus.
537 1664 612 1735 nutu
634 1665 682 1724 ni?
705 1666 799 1728 aderit
820 1669 915 1746 primu
938 1669 1096 1729 iniuratus.

193 1777 255 1827 §.rt
327 1787 491 1831 mnmmns
530 1766 613 1828 Salva
636 1784 710 1827 snm.

324 1890 434 1931 arins.
473 1869 530 1930 Per
552 1888 599 1930 ure
622 1869 741 1947 quidem
764 1889 811 1940 m,
835 1873 858 1931 si
881 1870 1007 1933 clamare
1031 1873 1154 1934 desinas.

324 1991 485 2036 mannans.
523 1970 559 2030 At
579 1989 640 2029 arun
663 1971 811 2040 desinam,
837 1974 891 2032 nisi
913 1981 944 2034 tu
967 1974 1105 2052 progredi
1128 1977 1210 2053 prius
1232 1977 1356 2038 desinas.
1566 1996 1586 2033 u

325 2095 435 2136 nunna.
474 2073 536 2149 Ego
559 2072 662 2133 abste
685 2073 845 2150 prohibeas·
868 2075 1025 2143 accedere,
1051 2075 1099 2136 uin
1122 2080 1278 2155 negeeinm
1303 2081 1372 2140 ruini
1396 2086 1460 2141 est?

324 2194 488 2239 muamus.
525 2174 582 2234 Per
605 2174 720 2233 inesset
744 2175 878 2253 curidum,
903 2185 934 2236 ut
956 2178 1157 2254 prohibearis:
1182 2198 1247 2239 uani
1270 2191 1390 2242 strenue
1409 2183 1553 2244 ulanrabu

325 2296 435 2339 numu.
474 2274 576 2354 Neque
599 2295 653 2353 ege
677 2276 786 2337 medam
810 2284 838 2336 te
861 2285 962 2337 ruritra
986 2280 1142 2357 ignaviter,
1166 2281 1190 2340 si
1214 2282 1335 2341 neritum
1365 2285 1445 2344 ausis
1466 2286 1555 2346 nrilut

325 2397 496 2441 nrmnnvs.
535 2377 616 2437 Hane
639 2378 732 2438 renites
754 2386 801 2447 tn,
825 2397 872 2439 ine
895 2380 957 2438 viru
981 2387 1009 2438 et
1031 2381 1165 2442 ridente?

323 2500 434 2542 nunna.
473 2479 622 2558 Siquidem
645 2479 744 2540 nidere
767 2479 862 2540 voles:
897 2498 963 2541 uam
986 2483 1009 2540 si
1032 2501 1086 2560 per
1108 2482 1240 2543 dtilerenr
1264 2503 1322 2544 uon
1351 2494 1452 2564 petes,
1481 2490 1586 2550 hini-aa

260 2583 412 2663 paululum
434 2581 565 2649 diseede,
596 2581 665 2641 ιΙιιιιι
688 2580 782 2659 plagis
804 2602 867 2643 earm
891 2601 1067 2653 summere,
1098 2592 1132 2646 ut
1153 2594 1299 2655 rueretur,
1336 2588 1420 2650 ualde
1443 2591 1553 2652 multis.

262 2685 379 2762 l'ergin’
403 2682 563 2744 molestiam
587 2682 657 2742 mitri
680 2683 834 2751 inducere,
860 2683 979 2744 frivola?

192 2788 253 2839 ⁴³⁵·
326 2803 499 2849 nvrrems.
538 2786 602 2854 uuo
624 2791 653 2845 te
676 2785 752 2863 agis,
775 2786 928 2864 improba?

323 2908 433 2951 avenn.
472 2885 537 2955 Quo
560 2884 630 2945 tibet
651 2885 732 2945 milii.

321 3008 493 3051 m'rrnuvs.
531 2986 607 3057 uun
629 2994 661 3048 tu
683 2988 773 3047 mittis
802 2988 892 3057 hanc,
927 2997 959 3049 ut
984 2991 1160 3068 imperatum
1190 3001 1242 3053 est.
1288 2997 1383 3066 mitte,
1417 2998 1550 3078 inquam,
1561 3013 1585 3051 ιδ

257 3113 314 3155 neu
338 3093 456 3169 tangite.

257 3192 386 3271 fgwl
451 3212 561 3253 annun.
600 3190 671 3260 Quis
693 3198 724 3250 tu
748 3210 794 3260 es,
818 3193 868 3271 qui
891 3190 977 3253 herilis
999 3195 1143 3277 imperas?

320 3314 495 3357 marmus.
534 3294 563 3354 ls
586 3294 636 3372 qni
658 3312 723 3354 sum
746 3312 833 3372 quem
858 3294 952 3362 vides,
976 3302 1004 3354 et
1026 3314 1130 3374 quein,
1161 3300 1217 3360 nisi
1239 3300 1295 3360 hoe
1318 3300 1371 3361 tibi
1393 3309 1553 3381 temperas,

257 3399 343 3459 etiarn
367 3397 484 3456 senties.

320 3519 430 3560 amns.
469 3497 552 3557 Serio
576 3502 619 3557 est
642 3496 720 3575 qued
743 3499 801 3566 ais,
825 3498 1031 3559 dictandum?
1559 3518 1584 3555 aa

320 3618 492 3662 nvrrnnvs.
530 3597 663 3660 Maxime.

277 3700 288 3717 “
319 3723 430 3764 avena.
470 3702 564 3779 utque
586 3702 717 3761 omniurn
741 3709 771 3763 tu
794 3711 930 3780 repertus
953 3722 984 3763 es
1007 3703 1209 3782 divagantibus
1238 3706 1285 3766 hie
1312 3706 1400 3767 bullis
1427 3709 1552 3788 iruniedi·

256 3815 386 3866 mentum
410 3805 459 3882 qui
482 3802 621 3862 obiicias?

239 3906 246 3925 “
321 3924 493 3968 numanus.
531 3904 575 3964 nn
605 3906 662 3964 siut
689 3904 736 3966 alii
765 3907 834 3966 item
864 3909 972 3968 neseio.
1011 3917 1091 3970 certe
1120 3911 1149 3969 iu
1177 3928 1225 3971 me
1252 3911 1332 3990 quod
1367 3912 1437 3982 erit,
1472 3914 1551 3975 dabe

254 4028 391 4089 operam,
415 4007 460 4068 isti
485 4007 540 4066 riui
563 4024 600 4066 ne
623 4025 711 4085 quarn
734 4008 831 4068 iacias.
1558 4029 1582 4069 r,

317 4129 427 4171 nunna.
464 4107 601 4187 Magnum
624 4109 737 4187 incipis,

186 4222 244 4272 §.m
319 4230 482 4273 masuras.
522 4209 621 4270 t'irlen'
645 4219 676 4271 ut
698 4209 832 4271 mltuosa
855 4219 884 4272 et
912 4215 1059 4290 quassanti
1088 4222 1131 4273 est
1160 4193 1273 4293 rapite?
1302 4223 1383 4277 certe
1413 4219 1550 4295 prefecto

254 4307 437 4398 gtffif'ml
459 4329 518 4372 nou
541 4330 639 4373 arares
661 4311 842 4372 arbitrantur
864 4314 1028 4374 Germanos
1049 4314 1152 4376 Romae
1173 4318 1235 4383 isti,
1258 4317 1310 4377 sed
1334 4317 1478 4379 ioerriiuaa.

317 4432 490 4477 nvrrnuvs.
528 4415 563 4473 At
586 4413 682 4474 viriles
705 4416 894 4491 experientur
916 4433 1021 4476 mares,

316 4534 428 4577 arnna.
468 4515 537 4575 tine
559 4533 596 4577 ne
619 4517 684 4593 ultas
707 4534 795 4594 quarn
819 4523 935 4593 oportet
957 4518 1061 4595 sapias.
1556 4536 1580 4576 u

306 4701 326 4735 ¹⁶³
338 4703 356 4752 i.
366 4720 389 4754 e.
399 4702 486 4770 Atque
501 4720 646 4770 ego...nou
660 4705 716 4769 ign.
753 4702 775 4734 ³⁷
788 4705 878 4755 Plent.
886 4705 931 4755 As.
941 4703 975 4753 11.
983 4704 1007 4765 3,
1015 4712 1048 4755 23,
1085 4703 1106 4736 ⁸⁰
1119 4704 1161 4756 cf.
1169 4703 1344 4757 Pleut'l'rin,
1352 4704 1436 4768 Ilm,
1445 4717 1476 4757 tu.
1484 4722 1543 4775 sqq.
