3276 5414
161 411 227 479 [IAG.
241 409 317 476 sont]
338 427 526 462 rrrraarmrnas
540 429 596 463 clv.
609 429 689 466 VTOI‘.
703 428 843 474 marmora
856 429 891 464 na:
905 429 1116 465 racvarnrrnvs
1133 431 1167 465 ΒΟ
1185 426 1339 466 antuman·
1380 400 1446 471 5lll

109 572 112 586 ¹
160 596 188 644 et
210 605 263 660 ego
288 586 395 642 iuterim
419 587 600 660 septingentis
622 587 728 642 ducatis
751 588 900 643 fraudarer.
946 589 977 643 ad
1007 589 1072 649 boc,
1101 588 1173 644 ultra
1202 590 1274 662 qnod
1303 598 1520 648 excomm-§.ba

109 730 115 761 ³
144 666 324 728 ‘nicationenr
348 671 449 726 iniuste
473 672 498 725 in
522 690 551 726 se
574 671 753 744 :qrnstnlicarn
777 672 991 746 impetraverim,
1022 673 1135 728 crimina
1162 673 1280 747 plurima
1306 691 1338 729 ac
1367 675 1457 730 falsis·

162 756 229 812 sima
260 757 330 829 apud
355 758 457 811 Succos
489 755 514 809 in
546 774 605 811 sese
633 756 735 828 perlida
763 766 858 812 contra
892 757 1038 829 legationis
1063 757 1105 812 ius
1129 775 1160 813 ac
1183 758 1316 814 rrrittentis
1339 768 1455 816 mentem

109 814 114 919 l
163 840 301 916 pontificis
324 841 497 912 congessisse
527 859 583 901 me,
613 841 713 896 acriter
741 849 858 897 accusat.
896 841 992 897 lisdem
1014 841 1109 896 deinde
1133 840 1220 897 literis
1245 843 1342 898 obnixe
1364 844 1456 899 admo·

109 943 139 1001 ¹a
164 926 228 982 dnm
251 944 265 980 a
288 926 417 999 pontifice
440 924 554 980 maximo
578 926 662 999 petit,
696 932 727 980 ut
755 917 781 980 in
810 944 851 981 me
877 932 907 986 et
935 926 1066 999 pertidum
1095 925 1213 998 legatum
1237 935 1264 981 et
1286 928 1456 1000 proditorem

109 1006 112 1091 ἶ
163 1029 247 1067 suma
273 1020 347 1091 recte
376 1029 406 1066 ac
437 1011 508 1064 iuste
538 1011 747 1072 animadvertat,
782 1029 814 1065 ne
843 1011 868 1065 id
899 1010 957 1084 ipse
986 1009 1074 1065 lacere
1103 1021 1233 1083 cogatur:
1269 1011 1371 1084 alioqui
1394 1031 1456 1086 quaa

109 1100 112 1112 '
162 1096 257 1152 nescio
282 1096 370 1150 onmia
394 1113 448 1169 qno
471 1103 552 1168 pacto
576 1112 622 1150 rex
655 1095 712 1168 ipse
743 1095 880 1156 rescierit,
914 1115 928 1150 a
956 1094 1178 1168 meisproditns
1206 1112 1261 1151 non
1290 1113 1349 1151 sunr
1379 1107 1455 1152 certo

162 1181 236 1242 scio,
261 1181 369 1253 qnando
392 1188 492 1253 praeter
514 1197 597 1235 unum
621 1188 667 1235 ant
689 1170 819 1241 alterum}
853 1198 883 1235 ac
906 1197 954 1235 ons
978 1179 1041 1234 mibi
1066 1179 1226 1244 lidissimos,
1262 1180 1325 1254 quid
1352 1182 1455 1253 egerim

161 1283 215 1338 ego
239 1265 313 1320 norit
337 1283 429 1325 nemo,
464 1264 515 1319 nisi
546 1273 675 1338 qnantum
706 1282 737 1320 ex
767 1265 852 1338 ipsius
881 1265 954 1336 regis
984 1265 1158 1319 accusatione
1189 1264 1327 1338 intelligo,
1362 1264 1455 1321 literas
1492 1309 1498 1318 .

126 1361 262 1406 trivereor
284 1350 462 1423 interceptas:
491 1349 585 1405 scribit
609 1350 678 1404 enirn
703 1357 787 1404 totanr
811 1366 870 1404 sese
894 1367 949 1404 rem
973 1349 1061 1404 hostis
1084 1350 1126 1404 sui
1153 1349 1242 1405 literis
1264 1349 1453 1424 probaturum,

161 1435 189 1490 id
213 1435 285 1507 quod
310 1435 435 1507 proiecto
458 1435 531 1490 curis
554 1435 661 1490 aurium
685 1434 773 1490 reddit
796 1451 837 1489 nro
866 1433 1023 1511 adipudnm:
1052 1451 1101 1489 nee
1129 1434 1186 1490 scio
1217 1451 1272 1507 qno
1302 1450 1344 1490 ure
1373 1440 1524 1508 pactoque.

162 1520 214 1575 hac
237 1519 316 1574 turba
338 1518 473 1580 evolsam,
504 1519 555 1574 nisi
579 1519 652 1592 qnod
675 1527 770 1574 contra
795 1518 883 1573 omnia
912 1536 942 1573 ea
972 1516 1184 1574 obstinatissima
1214 1519 1360 1592 negatione
1388 1511 1454 1575 milii

163 1621 233 1678 oprrs
256 1613 311 1667 est,
335 1621 388 1677 aqua
411 1604 498 1659 adhuc
521 1613 625 1659 tanturn
649 1603 769 1678 proieci,
794 1613 901 1658 utnon
924 1602 1011 1659 solum
1033 1603 1175 1659 vindictam
1191 1621 1245 1686 nou
1263 1603 1371 1660 timeam
1387 1622 1455 1678 pon-

162 1689 285 1750 tibeiarn,
308 1707 400 1744 verum
423 1707 528 1762 sperem
552 1689 633 1744 ctiam
656 1690 766 1744 butrenr
790 1705 831 1743 me
855 1706 935 1762 posse
958 1687 1091 1760 captivum
1113 1706 1146 1744 ex
1161 1689 1234 1762 regis
1249 1688 1373 1745 manibus
1389 1688 1456 1744 libe·

124 1787 152 1828 15
163 1791 239 1835 rare,
268 1781 365 1846 agente
389 1789 442 1828 non
466 1773 555 1828 solnm
578 1773 718 1846 pontisare,
749 1790 840 1828 rernrn
864 1773 906 1828 his
934 1773 1015 1827 etiam
1042 1772 1137 1828 ricinis
1165 1773 1343 1847 principibus.
1394 1792 1455 1829 nam

163 1859 236 1932 (quud
261 1857 340 1913 iussit
363 1858 500 1931 pontifex,
529 1858 617 1913 limiae
641 1876 725 1931 regno
749 1858 851 1914 ricinos
874 1857 1019 1932 episcopos
1042 1858 1182 1914 raritatem
1206 1858 1270 1913 iacti
1297 1857 1455 1930 diligentius

162 1943 341 2016 investigare,
367 1943 392 1998 id
416 1960 467 2016 ogo
491 1951 519 1997 et
541 1942 634 2017 precio
658 1952 685 1998 et
708 1942 834 2016 precibus
858 1942 1008 2016 periculum
1031 1940 1127 1997 leviter
1153 1942 1310 1998 discutiam:
1340 1942 1453 1997 maxime

161 2028 244 2084 etiam
268 2028 290 2081 si
313 2045 355 2082 mo
378 2027 422 2082 hic
445 2027 608 2100 aliquamdiu
626 2029 808 2088 continuere,
841 2028 928 2083 donec
959 2027 1065 2082 tandem
1094 2027 1175 2082 etiarn
1204 2043 1253 2081 sua
1280 2035 1381 2099 sponte
1408 2045 1453 2082 res

162 2112 342 2173 conticescat,
366 2112 418 2168 hoc
441 2113 513 2185 quod
536 2130 578 2167 me
600 2112 683 2185 aliqrri
706 2113 787 2168 etiam
811 2101 975 2168 monnernirt
998 2111 1083 2166 aurici.
1127 2112 1248 2185 Adeptus
1272 2120 1361 2168 tamen
1384 2119 1411 2166 et
1428 2110 1523 2170 idam.

122 2197 271 2252 aointerinr
295 2215 367 2258 sum,
402 2196 725 2253 adiutantibns·lideliter
747 2197 926 2258 Florentinis,
961 2214 1015 2270 qun
1038 2197 1082 2252 hic
1104 2204 1132 2251 et
1159 2197 1274 2251 honeste
1303 2199 1384 2268 agero
1412 2212 1455 2248 va·

162 2281 231 2337 leanr
261 2290 286 2336 et
321 2282 461 2355 pecliniam
484 2282 595 2355 iusuper
618 2282 762 2337 corradere
785 2300 839 2337 non
863 2282 1101 2345 contemnendam,
1130 2288 1160 2337 ut
1184 2281 1249 2336 milri
1271 2281 1370 2336 eaedem
1394 2279 1454 2335 red-

162 2367 226 2422 ditae
249 2366 316 2426 sint,
341 2384 408 2438 quas
432 2365 497 2421 olim
520 2366 564 2422 hic
587 2366 667 2421 habui
692 2367 835 2422 facultates
859 2385 889 2422 ac
912 2366 1005 2440 plnres
1028 2374 1056 2421 ct
1084 2366 1201 2421 aridiores
1229 2366 1324 2421 etiain:
1355 2363 1454 2437 quibus

161 2459 253 2506 tamen
277 2450 357 2506 buius
380 2450 502 2524 episcopi
525 2451 712 2513 consultores,
735 2451 854 2523 maligno
871 2451 970 2524 spiritu
987 2450 1118 2512 indurati,
1142 2451 1181 2506 uti
1198 2467 1240 2506 mo
1255 2448 1453 2523 archiepiscopi

163 2535 272 2590 nomine
288 2544 447 2600 vetuerunt,
465 2535 491 2591 in
508 2535 633 2591 iniuriam
650 2544 675 2591 et
693 2544 877 2609 contemptum
894 2545 1074 2591 sacrosancta·
1090 2535 1162 2590 sedis
1178 2534 1352 2608 apostolicae,
1375 2533 1453 2593 dicti·

125 2628 254 2675 2atantes
277 2620 385 2675 lrarrdes
408 2638 468 2675 esse
491 2629 519 2681 et
542 2621 707 2694 imposturas
730 2620 856 2694 quicquid
873 2638 940 2693 agar.
964 2619 1085 2693 nihilque
1101 2619 1173 2675 aliud
1193 2619 1286 2674 conari
1307 2636 1349 2674 rne
1372 2636 1452 2692 qnam

161 2710 300 2778 utcunque
322 2704 442 2778 ‹leccptis
466 2703 605 2761 Gernranis
628 2725 675 2760 ros
699 2706 812 2778 pecnnia
834 2703 1002 2778 despoliare,
1036 2705 1152 2760 auruleus
1180 2705 1293 2760 honesta
1322 2722 1353 2784 aq
1375 2703 1453 2758 inho·

162 2798 239 2846 nesta
263 2789 367 2852 omnia3
390 2808 420 2845 ac
443 2789 522 2863 plura
545 2791 624 2846 etiarn
649 2808 727 2863 quam
752 2789 815 2845 olim
839 2789 931 2844 Simon
956 2788 1000 2845 ille
1024 2806 1133 2861 magus,
1156 2789 1189 2844 ad
1212 2789 1285 2845 Petri
1309 2789 1390 2862 pedes
1406 2804 1452 2862 pe·

161 2875 239 2930 cnnia
262 2875 369 2950 posita,
398 2875 455 2929 dari
485 2874 536 2930 sibi
565 2875 689 2948 petierat.
732 2875 816 2942 Quam
845 2874 941 2931 vellem
972 2883 1059 2930 tarrren
1087 2883 1113 2929 et
1136 2873 1236 2930 babere
1258 2891 1300 2930 me
1324 2873 1369 2928 illa
1392 2890 1451 2946 iprae
1463 2890 1522 2940 §.aa

160 2960 259 3015 Petrus
282 2959 388 3019 habuit,
422 2961 537 3032 gratiam
560 2959 685 3016 virlelicet
714 2960 882 3033 linguarum,
917 2960 1032 3031 gratiam
1062 2960 1247 3020 curationum,
1281 2956 1454 3032 leprosorum

124 3044 381 3105 aonrundationem,
406 3045 639 3101 resuscitationem
663 3054 849 3106 mortuorum,
879 3045 1030 3119 prophetiae
1053 3045 1192 3117 spiritum.
1223 3061 1272 3116 per
1301 3043 1455 3116 impositio·

162 3147 222 3184 nem
247 3146 373 3185 nranuunr
397 3130 591 3187 immissionem
615 3133 700 3186 sancti
724 3131 854 3203 spiritus:
882 3130 1010 3185 maiorem
1034 3129 1160 3202 prolecto
1182 3129 1225 3183 his
1247 3128 1312 3182 nrihi
1336 3129 1453 3183 fructum

162 3215 294 3274 iacerem,
319 3232 398 3287 quam
422 3214 486 3269 olim
509 3215 607 3270 Petrus
631 3214 676 3270 ille
699 3214 851 3288 reliquique
874 3213 970 3268 rustici
992 3214 1117 3268 lecerunt
1141 3212 1276 3285 apostoli;
1301 3212 1402 3285 quibns'
1422 3211 1454 3267 ad

162 3299 251 3354 omnia
276 3297 335 3360 illa,
359 3299 429 3354 narde
452 3298 504 3359 sibi
528 3317 618 3373 operae
642 3300 762 3373 precium
786 3299 875 3353 lacere
897 3298 1054 3371 potuissent
1074 3298 1233 3358 maximum,
1257 3314 1288 3351 ac
1311 3297 1454 3352 immensas

162 3401 321 3456 comparare
343 3384 466 3445 (initias,
489 3383 572 3439 etiarn
596 3384 682 3439 victus
704 3401 791 3456 prope
814 3382 912 3445 deluit:
934 3382 1032 3455 quibas
1057 3399 1136 3456 quam
1160 3381 1312 3456 rectissime
1334 3380 1387 3436 dici
1406 3399 1455 3453 po·

122 3469 216 3524 aatnit
239 3469 264 3523 id
288 3468 359 3540 qnod
384 3467 449 3525 olim
472 3469 499 3523 in
515 3468 617 3525 Patrico
640 3467 712 3523 bello
729 3466 868 3522 llannibali
886 3465 1020 3521 llaharbal
1036 3467 1137 3522 dixisse
1157 3466 1257 3525 icrtrrr.
1281 3465 1348 3520 ‘Non
1365 3465 1454 3519 omnia

161 3554 248 3609 eidem
268 3554 306 3607 dii
330 3553 445 3615 dedere’,
480 3553 585 3608 sincere
609 3553 759 3614 sciuerunt,
793 3560 821 3607 at
849 3552 961 3607 victoria
990 3552 1029 3605 uti
1058 3558 1209 3623 potuerunt
1237 3549 1355 3605 minime.
1399 3549 1523 3615 lamam,

109 3648 112 3656 ’
162 3656 226 3695 vero
249 3656 310 3693 cum
332 3637 400 3694 nibil
424 3647 525 3711 prater
547 3638 686 3693 chartacea
715 3655 768 3710 ego
797 3637 879 3692 ieram
907 3634 1071 3709 diplomata,
1101 3633 1298 3708 nilril‘prater
1325 3633 1453 3689 obtusum

162 3724 244 3777 etiam
267 3740 316 3778 nsu
341 3723 424 3777 nimio
448 3723 626 3777 anathematis
650 3722 767 3783 bdnren,
796 3720 983 3776 remissionem
1013 3718 1163 3793 disciplinae
1192 3718 1365 3792 apostolicae,
1393 3734 1454 3791 per·

162 3807 251 3863 srdiam
279 3806 579 3867 solutis'inramentis,
614 3806 819 3879 abrogationem
849 3806 1084 3861 sanctissimorum
1111 3801 1305 3863 conciliorum.
1340 3818 1454 3857 roroua·

125 3913 153 3954 aa
167 3893 267 3947 tionem
291 3891 453 3952 stultorum,
477 3891 651 3964 largitionem
667 3893 809 3965 angrorum
825 3891 996 3964 galerornm,
1019 3888 1173 3963 ruraliaque.
1197 3895 1226 3943 nt
1245 3888 1295 3960 ipsi
1312 3886 1453 3947 affirmant,

162 3976 282 4050 exempla
306 3975 464 4049 reipubliear
488 3977 648 4031 Christianae
671 3978 913 4050 pernitiosissima,
943 3983 1024 4049 atque
1051 3992 1082 4030 ea
1110 3973 1190 4030 etiam
1220 3972 1309 4027 onmia
1332 3971 1454 4045 pecuniae

162 4079 246 4119 cansa,
264 4060 416 4122 dumtaxat,
447 4061 535 4115 nrinns
558 4069 667 4122 curant,
696 4069 873 4118 contemnunt
903 4061 1000 4116 etiam:
1034 4058 1146 4133 quo-lit
1169 4067 1200 4113 ut
1221 4074 1295 4112 mern
1318 4074 1377 4112 mea
1398 4072 1454 4111 non
1525 4062 1529 4067 '

229 4327 348 4377 ⁴lsuam
367 4327 459 4380 dlitt.
482 4334 507 4380 3,
577 4326 599 4357 ²⁸
618 4327 693 4376 Idem
716 4328 762 4378 hie
786 4327 829 4377 inr
852 4327 975 4391 Angelus
992 4326 1121 4376 Tacitum
1146 4323 1307 4374 corbeiensi
1334 4322 1456 4372 atthaliae

162 4412 277 4461 alratrrlit
297 4429 313 4460 a
332 4414 424 4462 Leone
443 4414 475 4462 Χ.
502 4413 660 4478 quingentis
686 4412 826 4462 necelrinis
851 4416 971 4476 carptum
990 4410 1171 4474 Philippoque
1196 4408 1332 4458 Beroaldo
1357 4407 1457 4456 iuniori

162 4495 297 4546 edendum
310 4496 451 4549 traditum.
508 4495 532 4526 ³⁸
551 4495 647 4563 fertur]
668 4499 723 4548 Lto.
738 4497 825 4549 XXII.
839 4494 880 4545 51.
900 4496 988 4555 „Tum
1001 4492 1147 4544 Maharbal
1174 4495 1243 4542 ‘Non
1267 4493 1359 4542 omnio
1378 4492 1457 4540 nimi·
1514 4500 1527 4525 0

161 4596 219 4630 rum
238 4581 328 4630 eidem
346 4581 384 4630 dii
403 4582 513 4634 dedero.
532 4581 652 4632 Vincere
666 4582 733 4642 acis,
758 4580 913 4634 Hannibal,
933 4579 1052 4629 victoria
1070 4579 1111 4627 uti
1130 4578 1241 4627 naacis'.
1289 4576 1311 4608 θ’
1329 4577 1397 4638 erae
1417 4575 1458 4624 at*-

162 4667 256 4716 ierant
274 4665 362 4730 legati
380 4666 557 4731 apostatici.-
626 4665 647 4697 ⁴²
666 4666 819 4714 dirtaxatl.
851 4663 1060 4713 duntaxat2.3.
1117 4660 1287 4711 4ὀη-01111111
1311 4676 1372 4710 mox
1395 4675 1460 4709 verr-

162 4751 254 4800 denda
273 4751 539 4800 errantlllromana.a
570 4744 573 4748 ’
1451 4752 1454 4757 “
