3276 5414
407 387 457 436 Ill.
529 401 668 437 ursuvnvs
689 401 711 435 s.
731 400 812 434 auru.
850 398 999 436 nrssoovs.
1020 385 1104 449 (tots.)
1354 371 1401 440 55

105 558 204 626 Casto,
228 559 340 618 sorices
362 576 397 617 ao
418 558 503 616 tinere
526 554 637 632 palatii,
661 556 710 634 qui
734 555 857 632 plurirno
876 556 928 615 dio
952 564 1099 635 noctuque
1122 554 1266 616 errodunt
1287 575 1321 615 ao
1338 574 1402 615 eor-

105 661 230 727 rodnnt‚
255 661 365 737 (pirique
388 656 514 735 plurinru
537 656 692 716 devorent:
717 659 835 716 ornniuo
859 657 936 716 enirn
960 660 1045 718 vitain
1068 678 1103 718 ao
1125 657 1298 733 sanguinein
1322 657 1402 734 prin·
1487 713 1492 723 ,

106 765 205 839 ripurn
228 768 358 836 exuguut
381 762 427 820 isti
449 779 484 819 ae
505 758 584 818 lente
607 768 800 826 eousurnunt;
833 758 869 817 de
898 759 1004 836 quilius
1028 757 1109 819 rslde
1137 756 1299 834 prudenter
1321 758 1402 817 ,inti-

105 864 224 923 stlrenes
246 861 438 940 philosophus
461 860 529 921 olirn
552 861 679 927 urouuit.
707 860 731 919 si
755 860 912 919 necessitas
935 867 1053 938 urpeat,
1078 867 1218 937 prestare
1246 860 1275 917 in
1299 876 1403 919 corros

84 984 196 1043 squaru
219 965 248 1023 in
271 971 467 1024 assentatores
489 961 632 1030 inridere,
657 960 721 1020 illos
744 963 821 1021 enirn
843 969 991 1029 mortuos,
1023 961 1078 1021 lios
1100 962 1227 1021 viventes
1249 959 1400 1022 devorare.

105 1067 155 1144 qui
178 1084 244 1126 curu
268 1065 347 1124 rrosii
370 1063 479 1143 rdrique
501 1064 574 1131 sint,
603 1060 688 1122 utiles
711 1080 871 1141 nusquam,
901 1063 1034 1122 rnaxirnis
1056 1070 1154 1122 tsnren
1177 1081 1212 1122 nc
1234 1061 1402 1123 intolerabi-

105 1168 182 1227 libus
204 1166 322 1226 nlunlur
344 1165 519 1242 sumptibus,
570 1164 630 1224 llos
659 1164 756 1223 rideas
779 1164 807 1222 in
831 1164 909 1222 ornni
934 1164 1096 1231 mundicia,
1126 1163 1263 1225 ‹irrrnilrus
1285 1163 1402 1224 lautitiis

106 1270 281 1337 uolutantes,
305 1266 457 1344 splendide
481 1266 613 1334 restitoS,
637 1265 714 1326 bone
737 1272 919 1333 nummulos,
943 1283 1060 1342 semper
1083 1264 1182 1325 ebrios
1204 1283 1238 1324 ae
1259 1264 1402 1325 ternulen·

106 1379 151 1430 tos
175 1370 219 1430 rel
242 1373 313 1430 eitra
339 1370 451 1434 sinunt,
476 1367 623 1428 studiosos
645 1368 728 1435 alere,
753 1366 867 1427 deditos
889 1364 1025 1443 crapuleu.
1064 1366 1114 1444 qui
1129 1364 1213 1425 aliter
1228 1384 1288 1425 nou
1305 1368 1403 1426 vivunt
1463 1389 1466 1393 ¹

73 1473 136 1531 roin
159 1472 222 1532 aula
246 1490 334 1550 qrraur
357 1467 404 1529 illa
429 1467 536 1547 L'lpssis
559 1469 636 1528 donni
660 1487 820 1546 prororuur
844 1467 998 1528 eolluries:
1033 1468 1106 1527 sileo
1137 1486 1194 1527 nou
1223 1485 1329 1545 perere
1351 1476 1402 1527 eut

105 1590 215 1649 augere
237 1591 301 1635 reru
324 1573 398 1639 nuti,
422 1571 472 1630 sed
497 1589 672 1630 consumere
696 1590 730 1629 ao
752 1570 894 1647 perdere,
926 1560 1046 1647 ἄγουσι
1069 1561 1124 1628 καὶ
1145 1559 1327 1646 φέρουσιν.·
1350 1587 1400 1628 ne-

105 1694 164 1753 que
185 1675 308 1734 istorum
332 1674 488 1751 quicquain
512 1673 617 1748 gratis,
642 1671 879 1751 uriaruloquidern
902 1672 988 1749 prinri
1016 1671 1062 1730 isti
1085 1670 1221 1731 nruuilree
1244 1670 1400 1737 donantur,

104 1775 264 1836 liberaliter
286 1775 448 1842 habentur,
479 1775 560 1849 regie
583 1773 760 1840 vestiuntur,
792 1781 820 1833 et
842 1772 876 1832 ad
901 1772 995 1833 officia
1019 1771 1117 1839 sarilo,
1153 1772 1344 1849 protectur-as
1366 1790 1400 1830 ac

104 1878 234 1938 honores
263 1877 435 1952 or'elprntnr.
481 1875 517 1935 Et
546 1875 582 1934 de
613 1873 787 1953 palponibus
815 1873 916 1934 aulicis
943 1874 1053 1934 ‹lieturn
1075 1873 1200 1934 sortasse
1223 1872 1289 1951 plus
1310 1886 1469 1949 quamsor.

74 1980 253 2056 noportuit;
282 1978 333 2038 sed
356 1978 481 2044 ideireo,
513 1983 540 2034 ut
566 1974 760 2052 intelligeres,
789 1976 865 2036 harro
888 1977 1101 2053 navigationem
1124 1975 1193 2052 quid
1216 1974 1400 2052 polissirnurn

105 2079 252 2141 didicilern
275 2086 304 2139 et
325 2077 544 2156 intranquillaur
568 2076 721 2146 redeloret,
754 2097 789 2137 nu
816 2079 844 2137 iu
868 2078 932 2138 aulo
956 2077 1111 2138 arnieitiarn
1136 2095 1172 2136 ne
1195 2094 1398 2155 prensurneres

169 2201 295 2242 essars.
335 2180 372 2241 lit
395 2180 493 2247 rideo,
517 2179 643 2240 niaxinre
666 2179 792 2256 indignis
814 2178 947 2239 borteroli
969 2197 1003 2240 ao
1019 2178 1143 2239 lreneliei
1158 2186 1226 2239 suot
1242 2179 1399 2256 pninoipes.

169 2303 333 2344 ursavsvs.
371 2284 466 2359 dtqrre
496 2279 552 2340 lrou
580 2288 624 2341 est
651 2281 730 2359 quod
759 2281 837 2342 rides
866 2280 1008 2360 quosdanr
1043 2298 1138 2364 neque
1164 2299 1273 2358 genere
1304 2277 1401 2339 claros

105 2404 201 2463 nequo
223 2385 328 2444 virtute
351 2382 571 2443 rounnendatos
594 2383 622 2443 in
645 2400 793 2443 sununuur
818 2382 1032 2442 conscendisse.

68 2507 94 2543 ro
144 2506 294 2548 easrus
333 2484 452 2544 Senibus
475 2485 609 2543 rnexiuro.

169 2607 332 2648 ursarius.
371 2587 463 2646 lnnno
486 2585 628 2663 ‹prrrrsdaru
651 2585 755 2644 sortis
771 2587 936 2663 nequiores.
983 2594 1069 2664 utque
1086 2587 1194 2645 ntiunnr
1210 2584 1322 2645 scribas
1337 2591 1400 2645 tau·

104 2701 167 2752 turn
190 2688 363 2750 eveherent:
394 2675 431 2746 ila
454 2688 516 2745 sine
539 2686 645 2746 iudicio
667 2706 700 2746 ae
724 2686 839 2746 delectu
861 2685 998 2746 liberales
1020 2695 1088 2747 snut
1112 2688 1268 2764 prinsipes.

168 2811 295 2851 essrvs.
332 2789 394 2848 lurn
417 2788 526 2849 rlrulunr
551 2795 632 2847 extra
655 2796 736 2848 trnuu
759 2807 927 2848 sernroneur
950 2808 1023 2850 rrrean
1050 2789 1278 2867 peregrinantur
1300 2806 1466 2859 aurespos,

104 2916 139 2955 ao
166 2894 202 2954 de
231 2891 357 2970 ‹prrodann
389 2892 484 2967 rogito
513 2891 660 2949 morione:
694 2890 745 2949 sed
775 2897 805 2948 lu
835 2891 888 2948 tria
920 2890 1007 2949 verita
1037 2909 1102 2968 quen
1134 2889 1247 2966 rrrgloxi
1271 2890 1397 2956 interitu,

66 3005 214 3074 esrepele.

168 3114 333 3158 ursnrnrs.
372 3094 401 3151 Si
424 3093 462 3153 de
485 3095 618 3152 rnorione
641 3093 722 3169 prius
745 3093 862 3152 dixeris.

169 3216 295 3259 esurus.
334 3194 473 3254 Audierat
496 3196 605 3255 isauri
630 3195 781 3271 permriarn
806 3198 946 3274 conqueri
969 3215 1055 3256 suruu
1087 3196 1265 3273 priueipern,
1296 3202 1325 3252 ot
1352 3212 1399 3253 re·

104 3309 190 3383 pente
213 3299 300 3370 ‘Quin
322 3304 353 3355 tu
376 3295 473 3354 srrilra
495 3296 537 3354 vis
560 3296 632 3357 esso'
661 3298 754 3374 ineptit
783 3303 824 3356 ‘ut
847 3315 951 3356 aurunt
975 3297 1119 3357 hulreasl’
1153 3316 1220 3356 nour
1249 3295 1312 3355 illos
1337 3314 1400 3373 prus

104 3403 241 3466 ornnilrus
263 3397 438 3477 pecuniosos
461 3396 580 3456 uiderat.

104 3625 191 3660 eausa
210 3618 259 3661 ete.
279 3619 348 3680 qnod
366 3621 407 3666 13.
428 3614 509 3681 dedit]
534 3619 562 3666 in
580 3618 704 3680 inferiore
721 3634 801 3681 rrznrp.
815 3635 883 3667 rorr.
899 3619 933 3667 ΙΙ,
952 3635 1001 3683 pro
1021 3635 1050 3669 eo
1069 3621 1179 3685 quindiu
1197 3620 1256 3669 edu.
1276 3625 1314 3667 est
1333 3618 1398 3679 Qui·

104 3696 155 3746 bus
175 3700 332 3762 sutoribus,
353 3701 497 3750 nurltorurn
517 3701 641 3751 solicitos
660 3703 814 3767 principum
834 3705 907 3767 perit
925 3720 959 3752 uo
978 3704 1155 3754 subvertitur.
1210 3702 1217 3734 ¹
1238 3702 1347 3751 Sorioes
1366 3718 1398 3751 ao

103 3782 126 3830 T
130 3783 200 3832 inoae
219 3784 327 3848 palatii.
355 3802 435 3851 scorp.
450 3792 475 3836 5.
500 3786 528 3835 S.
548 3792 602 3835 oet.
624 3786 815 3836 sustinuero.
885 3787 896 3818 ²
920 3790 1020 3852 quiquo
1039 3790 1074 3838 II.
1094 3789 1140 3852 qui
1164 3788 1223 3848 (uon
1243 3787 1320 3850 quid)
1340 3787 1399 3836 edi.

104 3865 115 3896 ⁸
134 3868 249 3931 exigunt
262 3873 305 3919 13.
353 3869 382 3900 Μ
401 3870 591 3937 Antisthenes]
605 3873 648 3920 De
661 3872 826 3922 Antisthene
839 3873 911 3923 lrone
926 3872 1058 3923 inbellem
1072 3878 1203 3921 enarrant
1215 3872 1398 3935 Diopheert.

105 3951 194 4015 VIA„
214 3954 290 4003 n'tolr.
305 3954 384 4005 tloril.
397 3956 469 4005 XIV.
482 3955 539 4019 17„
559 3957 591 4005 de
605 3957 732 4021 Diogene
745 3956 894 4007 Atlrenoeus
906 3960 1040 4023 Deipuos.
1057 3959 1104 4007 vl.
1118 3957 1159 4006 65.
1179 3956 1347 4021 (Solrweigh.
1361 3956 1397 4005 ll.

104 4053 130 4100 p.
138 4037 209 4100 475.)
229 4039 258 4086 in
277 4054 387 4099 corvos,
408 4041 425 4089 i.
441 4057 465 4090 e.
485 4031 514 4098 ἒς
531 4032 670 4104 κόρακας,
692 4042 751 4103 sere
771 4043 824 4090 acsi
841 4058 886 4091 nos
905 4045 1056 4102 diceremus,
1076 4048 1151 4091 anter·
1168 4043 1209 4091 elie
1227 4041 1327 4095 Iluben,
1345 4031 1399 4090 Qum

104 4122 173 4182 Ans,
193 4124 243 4184 (riis
257 4125 306 4171 den
324 4125 510 4187 Selindunper.
532 4126 629 4175 Graeco
648 4125 768 4190 lepidius
788 4132 830 4175 est
848 4127 965 4176 dietum:
991 4143 1156 4177 corones:
1173 4127 1262 4186 corvi,
1289 4126 1399 4179 colocen

102 4207 352 4258 :adsentatores
392 4209 614 4259 ⁷nrnnditis13.
655 4210 738 4259 ⁹uon
757 4210 793 4259 ol.
813 4213 872 4261 edd.
891 4227 944 4260 non
964 4212 1051 4261 olli.
1093 4211 1277 4260 ¹⁰.Adeoll.
1315 4209 1333 4242 ¹¹
1353 4203 1399 4274 ἄγ.

103 4306 129 4340 ιι.
143 4284 217 4356 pin]
238 4292 379 4342 obducunt
397 4301 425 4343 et
445 4295 582 4344 auferunt.
602 4295 644 4343 ito
662 4295 815 4358 saepissime
834 4297 907 4361 opud
926 4297 1038 4346 Groecos
1057 4296 1107 4346 illo
1126 4297 1211 4346 verbo
1230 4297 1398 4360 coniungun-

104 4383 148 4424 tur
161 4378 197 4426 od
209 4378 423 4441 significandam
437 4379 573 4444 rapiendi,
592 4379 786 4443 depopulandi,
807 4380 950 4445 prrrdnndi
962 4382 1158 4430 temeritatem.
1184 4381 1224 4442 Cf.
1244 4397 1267 4429 o.
1282 4396 1321 4445 gr.
1335 4379 1398 4429 Plu·

104 4461 193 4510 tarch.
208 4463 277 4511 Mer.
294 4462 333 4511 lss.
349 4464 416 4512 Inte.
431 4463 472 4514 31.
486 4463 560 4513 ltiol.
575 4464 607 4512 de
622 4469 691 4513 orut.
706 4464 730 4513 8.
785 4463 806 4496 ¹²
824 4467 954 4529 quiequid
971 4469 1013 4515 13.
1035 4464 1146 4530 (quiens)
1200 4464 1220 4496 ¹³
1240 4470 1268 4514 et
1286 4471 1344 4513 rante
1364 4464 1399 4513 nd

102 4547 190 4595 (idern
204 4547 248 4603 11„
268 4565 317 4597 nou
335 4553 437 4596 mrrtuult
456 4545 490 4595 ud
508 4550 533 4596 in
552 4555 580 4598 et
598 4556 623 4597 ut
643 4553 685 4599 13.
750 4548 771 4582 ¹⁵
790 4555 819 4598 et
837 4551 872 4599 ΙΙ.
893 4566 926 4599 no
945 4551 1003 4599 edd.
1073 4549 1093 4582 ²¹
1111 4552 1169 4600 Iuro
1187 4553 1298 4599 etiont5.
1351 4564 1398 4598 ne·

103 4632 213 4695 quiores
226 4632 263 4680 II.
282 4632 428 4681 inferiores
448 4632 509 4681 edd.
563 4634 721 4696 ‚AtquolL
774 4631 796 4664 ²¹
815 4634 984 4703 quodsnrll2
1001 4633 1048 4684 illo
1067 4636 1125 4684 edd.
1179 4631 1311 4699 morione]
1330 4634 1398 4695 lios-

103 4732 208 4764 muren.
245 4717 286 4765 lte
306 4715 399 4766 rnultis
417 4716 522 4766 inbelle
540 4723 676 4766 narratur.
