3276 5414
381 406 429 456 111.
501 421 639 456 ursavuvs
659 422 682 455 s.
701 419 784 457 arna.
821 420 971 454 ninnoovs.
991 403 1074 468 (1518.)

145 594 311 638 uraavnvs.
349 575 385 636 m
408 574 453 636 ab.
468 578 593 654 Astyage
616 593 681 653 qum
703 593 807 652 passus
830 581 875 634 est
896 574 1064 653 Harpagus!

146 698 275 739 oasrvs.
313 676 351 736 Et
372 675 427 737 suli
451 676 592 755 Cambpse
615 677 778 754 Prexaspes
801 685 832 736 ut
855 676 989 736 habitus?

147 799 311 840 ursarum.
349 779 444 838 l'orro
478 778 517 838 iili
551 779 753 839 Romanorum
786 778 981 855 imperatores
1013 797 1101 856 quam
1133 777 1240 838 misere
1274 776 1382 837 multos

84 880 272 942 habueruut?

56 996 69 1033 ⁵
150 1002 276 1044 essars.
314 981 420 1042 Nostra
443 989 540 1043 autem
562 989 736 1062 tempestate
759 1000 823 1061 quae
845 1000 877 1043 se
900 1000 958 1041 nou
982 981 1100 1058 indigua
1122 981 1285 1041 dederuut?
1308 982 1380 1042 etin

84 1085 187 1145 Sueris
208 1083 280 1144 iilud
304 1083 389 1162 quale
413 1083 598 1161 exernplum‘t
620 1084 748 1144 Proinde
771 1084 850 1142 enini
874 1083 948 1161 pede
964 1083 1113 1151 standum,
1138 1101 1174 1142 ne
1190 1084 1217 1142 iu
1235 1084 1291 1144 lroe
1307 1085 1450 1144 martam

84 1188 301 1262 nai‘igationenr
324 1187 513 1262 experiantur
536 1187 587 1264 qui
608 1187 672 1245 ritae
696 1185 863 1245 consultum
887 1185 986 1245 relnnt
1008 1202 1077 1244 suae.

149 1306 315 1349 ursnrnvs.
354 1286 439 1356 Quod
463 1288 516 1345 uisi
540 1305 556 1346 a
578 1305 625 1346 me
648 1289 690 1347 sie
713 1306 793 1347 esses
816 1289 958 1352 monitus,
983 1305 1041 1364 quo
1064 1295 1092 1346 te
1115 1287 1346 1364 praecipitasses?

149 1408 276 1451 caterva.
315 1387 346 1447 ln
370 1390 477 1449 mirum
499 1396 532 1448 nt
555 1387 637 1449 rideo
660 1391 825 1466 pistrinum.
870 1389 1056 1466 Quapropter
1084 1387 1139 1448 alia
1168 1388 1294 1449 ineunda
1318 1391 1383 1448 ritae

52 1491 161 1551 roratio
184 1498 237 1551 est.
1102 1510 1105 1515 ’

149 1612 312 1653 ursarovs.
351 1593 408 1659 lta.
433 1592 532 1660 Ceste..
557 1595 667 1670 cogita:
702 1610 770 1653 naui
800 1600 850 1652 erit
878 1610 949 1668 ager
977 1592 1098 1652 lumeste
1121 1592 1177 1653 noli
1200 1598 1308 1670 potest,
1332 1599 1383 1652 aut

84 1693 177 1754 literae
199 1695 313 1763 «laeteri,
342 1702 393 1752 aut
415 1702 565 1772 uteunque
588 1694 723 1754 manilius
746 1696 863 1772 operari
886 1694 967 1762 lieet,
998 1701 1026 1753 et
1055 1712 1118 1753 reru
1149 1695 1303 1754 militarem
1333 1713 1381 1753 ex·

84 1813 188 1855 ere-ere
212 1789 266 1854 καὶ
288 1790 326 1855 ἐν
348 1784 463 1855 ἀσπίδι
485 1793 688 1872 ξενίζεσθαι,
719 1803 768 1856 aut
790 1796 966 1855 medicinam
990 1802 1132 1863 tractare,
1162 1802 1194 1855 ut
1217 1816 1252 1857 ex
1275 1805 1304 1858 te
1328 1797 1380 1857 tibi

84 1898 171 1956 rivas.

53 2016 77 2055 n
152 2018 278 2059 enarra.
317 1998 407 2061 Recte
430 1999 545 2060 suades.
583 1997 628 2059 Tu
658 2018 728 2060 rere
755 2001 797 2059 sie
826 2000 936 2060 mertile
965 2016 1012 2058 me
1040 1999 1109 2077 quid
1133 1999 1250 2059 tandem
1273 2001 1301 2059 in
1325 2000 1449 2062 lraetmr.

87 2100 268 2176 {tentitudine
291 2100 343 2161 tibi
365 2104 508 2179 preponis
530 2102 586 2160 iam
610 2103 718 2161 senex?
741 2121 777 2160 au
801 2102 880 2160 omui
903 2099 1039 2160 (inrorato
1064 2100 1137 2160 bore
1160 2102 1188 2160 iu
1212 2103 1303 2162 enoda
1319 2111 1382 2162 tan·

86 2201 154 2261 deur
177 2203 308 2271 desreies,
331 2221 387 2262 neo
410 2212 574 2264 extremum
597 2203 704 2264 fabulae
727 2211 822 2263 aetum
847 2201 999 2281 implebis?

151 2323 315 2366 ntlsnvnvs.
353 2304 397 2364 No
419 2305 476 2365 hnc
499 2305 618 2384 quidem
641 2305 796 2383 degeneris
819 2305 908 2364 animi
938 2303 981 2363 rel
1008 2307 1038 2363 in
1068 2313 1200 2365 extremo
1228 2307 1381 2370 resistere:

88 2414 117 2465 et
138 2407 194 2465 iarn
219 2407 296 2465 varie
318 2425 409 2484 suaper
431 2406 476 2465 liis
499 2406 667 2466 consultans
690 2409 821 2467 noudum
844 2408 959 2467 inreuio
983 2414 1014 2465 ut
1036 2425 1082 2465 me
1106 2407 1268 2484 expediam.

50 2528 79 2568 eo
154 2527 280 2568 easrvs.
320 2507 365 2567 nn
388 2515 416 2567 te
440 2525 474 2567 ex
498 2510 550 2567 ista
574 2507 727 2568 laetatione
751 2511 779 2569 in
803 2516 919 2587 pertram
943 2507 1069 2587 aliquem
1085 2511 1229 2575 referant,
1252 2509 1381 2577 blisaldo,

87 2629 122 2669 ae
144 2618 176 2669 ut
198 2609 361 2669 libertatem
385 2610 510 2687 recipias
533 2610 638 2679 faxint,
667 2610 865 2688 autaliquem
893 2609 944 2669 tibi
973 2610 1153 2671 fructuosam
1177 2613 1382 2688 cogitationem

88 2711 190 2771 irulaut
212 2730 267 2788 qua
291 2719 319 2770 te
343 2711 380 2771 ab
404 2711 449 2771 liis
472 2712 584 2772 retibus
606 2711 743 2789 explices.
789 2713 846 2772 Sed
870 2730 1049 2790 prosequere
1071 2731 1124 2771 oro
1147 2712 1183 2772 de
1206 2713 1262 2772 rita
1277 2713 1450 2782 solicanae.

89 2813 207 2891 quaudo
230 2813 326 2873 aelirue
348 2820 416 2873 erite
439 2813 543 2875 boram
566 2833 669 2875 sumus
691 2833 757 2893 qum
780 2821 807 2874 te
830 2815 865 2874 ad
889 2813 959 2874 iilud
982 2816 1129 2874 servitutis
1156 2815 1285 2874 bostium
1315 2833 1382 2875 aro·

89 2915 181 2981 nabit,
216 2922 244 2974 et
272 2914 350 2991 epiterii
380 2923 492 2976 restare
521 2917 649 2985 ridetur,
684 2936 749 2994 quaa
779 2925 806 2976 te
829 2935 924 2976 eeirsae
947 2917 976 2975 iu
999 2916 1074 2976 ilario
1097 2917 1310 2993 riarigatiouem
1333 2917 1384 2976 ad-

51 3017 242 3084 asduseriut‚
265 3023 315 3074 aut
338 3016 374 3076 de
398 3018 558 3096 Spreuilurs
580 3026 613 3079 ut
635 3019 805 3087 meministi,
829 3017 936 3095 aliquid
959 3019 1046 3077 reler,

153 3137 317 3178 ursarius.
356 3120 430 3179 durii
458 3120 547 3196 igitur
575 3122 722 3181 servitutis
745 3120 836 3181 lartius
864 3138 979 3187 causas,
1014 3138 1081 3179 nam
1109 3120 1239 3179 iruetum
1267 3119 1383 3181 abunde

88 3220 194 3298 opinor
217 3219 390 3280 intellexisti.
435 3220 567 3281 Primum
591 3241 640 3292 ea,
670 3221 768 3290 (laste,
797 3229 916 3300 operantu
940 3240 1057 3299 queque
1080 3220 1168 3300 lrauln
1190 3229 1257 3282 aute
1279 3235 1452 3299 suspenso.

157 3456 165 3489 ¹
191 3458 233 3507 De
246 3458 378 3523 Harpugo
397 3462 426 3508 et
442 3459 579 3524 Astyage,
598 3459 632 3510 de
647 3461 787 3525 Prexaspe
807 3465 836 3508 et
848 3458 984 3523 Cambyse
1002 3460 1181 3524 tyrannisque
1195 3460 1325 3510 Romanis
1346 3459 1383 3510 ei.

89 3557 172 3607 snpra
186 3543 349 3593 l‘halarism.
363 3543 435 3605 §.aa
455 3544 519 3606 (His
537 3560 643 3609 qnoque
661 3544 869 3594 narrationibus
892 3559 956 3593 usus
981 3550 1024 3593 est
1040 3547 1108 3594 Aen.
1127 3544 1215 3609 Syia.)
1284 3542 1295 3575 ³
1313 3545 1385 3594 Rbo-

89 3632 303 3677 manorumm.
363 3629 557 3693 imperatorum
572 3634 615 3680 13.
686 3629 769 3680 5ιιοιι
787 3632 873 3680 eidam.
888 3631 922 3678 H.
994 3628 1023 3660 Μ
1042 3631 1071 3679 in
1089 3628 1199 3694 Suavis]
1216 3631 1279 3679 Non
1295 3631 1385 3694 potuit

90 3713 156 3776 qum
181 3712 276 3761 l'lrieo
301 3712 363 3762 deaei
391 3714 442 3763 lieo
471 3730 578 3778 quoque
606 3715 667 3764 loce
697 3717 776 3779 quasi
806 3715 917 3780 alapam
946 3715 1114 3779 inpingeret.
1152 3715 1194 3764 cf.
1219 3713 1383 3763 Phaloriam.

91 3795 111 3827 ¹³
129 3787 193 3846 Ἀλλ’
205 3785 298 3859 ὅσπερ
311 3786 384 3862 ἥρως
398 3789 429 3848 ἓν
441 3787 544 3848 ᾰσπίδι
563 3796 672 3870 ξεινίσαι
690 3814 720 3849 σε
739 3791 888 3864 βούλομαι.
910 3800 1003 3848 Zenob.
1017 3800 1039 3848 1.
1053 3798 1095 3847 ot.
1114 3798 1188 3859 „Sed
1205 3803 1236 3846 ut
1253 3798 1338 3846 heroa
1357 3799 1384 3846 in

90 3888 168 3931 sento
182 3888 210 3931 te
222 3881 401 3946 hospitaliter
413 3884 504 3947 excipi
517 3883 608 3933 rolo''.
651 3882 671 3916 ¹⁶
689 3884 823 3934 devorata
836 3885 905 3934 bove
918 3900 1010 3933 omnes.
1031 3884 1128 3933 (lraece
1143 3875 1243 3932 Πάντα
1256 3898 1386 3947 natoqu-

91 3959 149 4030 γιόν
165 3959 215 4016 τὸν
233 3964 304 4030 βοῦν
317 3961 358 4023 εἰς
376 3960 428 4031 τὴν
440 3955 532 4031 οὐρὰν
549 3959 706 4031 ἀπέκαμεν.
727 3969 765 4031 (h.
781 3986 804 4019 e.
819 3970 924 4033 reliquo
943 3970 1060 4035 negocio
1073 3974 1188 4034 peraeto
1202 3970 1229 4017 in
1242 3970 1295 4018 fine
1309 3969 1385 4018 deie-

91 4050 416 4115 componebantur.
423 4052 465 4101 tit.
484 4054 652 4103 DeHerenle
664 4056 786 4120 integros
798 4055 855 4103 iere
869 4055 953 4103 bores
967 4053 1119 4103 comedisse
1127 4054 1274 4103 Pindarum
1287 4061 1386 4104 testem

92 4137 200 4185 iaciunt
217 4140 342 4196 veteres,
366 4137 400 4186 de
423 4137 526 4187 Milone
546 4139 710 4189 Crotoniensi
734 4154 779 4188 res
802 4143 869 4189 nota
892 4146 934 4188 eat
957 4136 1006 4202 (oi.
1020 4139 1120 4191 Atlren.
1138 4140 1271 4204 Deipnos.
1285 4141 1317 4189 Χ,
1331 4139 1385 4204 2.);

90 4227 181 4270 antrum
204 4236 270 4271 vern
294 4221 329 4271 nb
352 4220 396 4270 liis
419 4223 501 4273 boum
523 4223 733 4274 devoratoribus
755 4223 928 4288 proverbium
954 4228 1076 4272 exortum
1100 4224 1137 4272 sit
1161 4240 1212 4273 nee
1236 4241 1285 4286 ne,
1313 4240 1386 4275 nune

91 4321 146 4354 non
165 4307 282 4369 inquiro.
336 4304 357 4336 ¹⁰
375 4342 382 4356 .
401 4307 439 4355 Et
456 4308 493 4356 Il.
545 4305 568 4338 ²²
586 4308 710 4358 rhetibus
729 4312 752 4357 1.
762 4313 853 4359 tam.
884 4308 1008 4373 rhetibns
1025 4312 1051 4357 2.
1103 4308 1125 4339 ¹³
1143 4305 1187 4373 de]
1207 4315 1235 4359 te
1255 4313 1297 4361 13.
1338 4310 1385 4360 ho-

91 4392 174 4439 stium
193 4405 286 4439 orienes.
306 4407 385 4455 ueqrre
404 4393 504 4441 ostium
520 4394 584 4454 feei,
604 4396 715 4458 peremnis
732 4395 779 4442 boe
797 4410 883 4443 nornen
901 4411 955 4443 rum
973 4395 1150 4457 adspiratione
1166 4401 1237 4443 reete
1253 4394 1332 4444 eor-ibi
1343 4398 1388 4444 du·

91 4475 176 4524 ditem.
242 4476 266 4534 ἓ.
280 4473 333 4540 59.]
352 4477 395 4526 De
414 4478 532 4526 Hntteni
551 4479 585 4527 ad
604 4478 695 4527 nulum
715 4493 830 4528 necessu
853 4480 1021 4541 introituque
1044 4479 1191 4543 Menapius
1215 4495 1231 4527 a
1250 4479 1387 4529 Gulielmo

91 4559 225 4610 Insulane
244 4560 272 4607 iu
290 4560 360 4609 Aula
378 4561 490 4627 dialogo
509 4563 550 4611 ita
569 4578 629 4612 eum
649 4565 708 4628 ipse
721 4546 1016 4613 Hiiueno'eonoentus
1034 4564 1160 4628 fingitur:
1178 4565 1386 4626 „Honoriiieum

92 4644 161 4694 illud
179 4645 231 4692 tibi
250 4645 278 4694 in
296 4646 403 4709 primis,
422 4654 571 4712 propterea
589 4649 660 4712 qued
677 4664 731 4698 nou
749 4648 926 4713 largitionum
946 4649 1097 4698 ambitione
1116 4649 1161 4698 vel
1178 4663 1290 4714 precum
1302 4649 1388 4698 unde·

93 4745 201 4794 cunque
220 4730 439 4781 mendicatarum
457 4733 634 4797 improbitate
660 4734 694 4783 ad
719 4733 811 4784 aniam
832 4738 1046 4799 penetraveras,
1071 4735 1144 4784 sicut
1168 4733 1303 4783 interdurn
1326 4732 1388 4783 fieri
