3276 5414
203 394 276 468 330
356 410 433 461 l'lll.
503 426 593 461 nunna
613 426 635 459 s.
656 424 817 461 eventurus.
875 422 1015 461 uranours
1035 423 1221 458 nvrrnrncvs.
1256 404 1351 472 (teto.)

200 600 264 635 aaa..
286 580 363 650 lnos
385 579 457 640 urbs
472 579 565 640 Roma
587 598 621 639 os
642 576 766 639 sublevit
788 578 889 645 nobis,
913 578 1019 657 quibus
1042 586 1074 637 nt
1096 577 1210 639 libitum
1234 580 1291 658 ipsi
1315 584 1379 647 est,
1405 576 1504 637 rintu-

99 680 107 691 “
200 694 336 764 naam}
353 683 391 741 rit
412 699 484 750 nos,
509 699 575 741 enm
599 681 675 740 dieta
699 680 783 740 dorla
806 698 862 759 pro
885 680 959 740 dialis
981 681 1123 747 mitteret,
1147 680 1268 740 insidias
1289 679 1382 739 daret
1404 677 1502 738 liber·

200 785 249 843 tati
272 791 394 853 nostrae,
424 783 581 852 inveniret,
612 781 783 852 fabricaret,
814 782 1048 849 machinaretur,
1077 783 1219 858 lingeret,
1257 782 1500 842 comminiscere·

199 893 263 954 tnr,
293 904 352 963 quo
380 883 487 963 aliquid
517 884 586 944 bino
615 886 764 963 nepotinis
792 885 852 943 istis
880 885 941 944 suis
970 882 1137 961 sumptibus
1171 882 1250 960 qnod
1283 883 1498 962 suppetbtaret

131 1100 190 1150 tet.
201 1096 279 1150 esset
305 1087 571 1169 piornm‘anribus
598 1106 702 1148 eorum
732 1087 817 1147 lama.
863 1086 930 1148 Non
958 1093 1071 1147 tautum
1098 1086 1219 1146 audistis
1247 1087 1371 1164 antiqua
1402 1083 1450 1144 illa
1473 1090 1498 1144 et

201 1191 341 1270 superins
363 1198 441 1259 aeta,
465 1189 515 1249 sed
540 1189 650 1250 vidistis
672 1190 759 1249 etiam
783 1187 872 1266 aliqui
894 1206 1009 1267 nupera
1033 1194 1063 1248 et
1084 1189 1206 1255 novitia,
1236 1187 1276 1248 dii
1305 1184 1495 1251 immortales

200 1313 246 1348 ιιιιι
288 1289 448 1378 {qualium
483 1289 629 1351 scelernm
665 1297 802 1369 quamam
833 1292 1019 1366 congeriem:
1055 1291 1160 1349 iniuria
1188 1290 1351 1351 Sodomam
1381 1296 1413 1349 et
1442 1288 1495 1348 Gu-

200 1410 342 1453 morraeos
363 1392 489 1471 perdidit
504 1392 592 1461 dens,
615 1393 639 1451 si
656 1394 749 1469 paruit
764 1393 826 1452 istis
840 1391 955 1460 ltomae,
979 1391 1016 1451 ad
1032 1409 1158 1470 quornm
1173 1391 1397 1471 improbitatem
1413 1391 1496 1450 nimis

200 1495 246 1554 isti
269 1513 354 1573 qnam
379 1494 457 1569 frugi
480 1493 609 1555 luerunt.
656 1494 698 1553 lln
723 1511 780 1552 uon
805 1492 861 1553 boo
883 1492 1039 1553 dicendum
1062 1500 1121 1563 est,
1151 1512 1218 1554 oum
1248 1492 1386 1553 videmus
1414 1506 1520 1552 sarran

201 1594 340 1672 gemm·
363 1612 370 1682 Ι
393 1601 422 1656 et
445 1596 567 1673 prolana
590 1595 686 1654 ouruia
710 1594 820 1656 babere
844 1614 894 1655 eos
922 1593 1133 1672 promercalim
1168 1595 1340 1671 rogationes
1368 1594 1494 1653 sciscere

200 1694 264 1773 ,93:3-
279 1706 287 1776 Ι
302 1716 421 1776 semper
442 1695 602 1775 plurimas,
626 1702 654 1757 et
677 1697 794 1757 easdem
817 1696 963 1774 abrogare
985 1697 1080 1756 statim
1103 1714 1138 1757 ao
1160 1699 1233 1757 rima
1257 1696 1349 1756 luerit
1370 1697 1493 1759 inventa,

131 1810 326 1859 §.mmmmm
341 1799 348 1868 1
364 1816 463 1878 neque
478 1816 536 1858 non
560 1799 724 1867 imenitnr,
749 1800 863 1876 qrruties
885 1796 1000 1858 luorum
1024 1804 1082 1865 est,
1107 1797 1274 1877 impellente
1297 1799 1432 1858 avaritia.
1468 1805 1494 1856 et

197 1924 295 1969 ιιιμιιω
314 1924 348 1960 ιι.
365 1897 372 1985 Ι
388 1898 464 1961 soliti
485 1906 555 1960 sunt
576 1898 688 1960 nullum
712 1906 841 1960 statuere
863 1901 983 1961 modurn
999 1899 1231 1979 rapinationibus
1247 1901 1309 1960 istis
1325 1901 1406 1968 suis,
1429 1918 1492 1959 eum

197 2018 276 2080 sepe
298 2003 381 2080 prim
403 2020 491 2080 qnam
514 2001 605 2063 abusa
628 2008 733 2070 essent
747 2009 815 2062 ante
835 1988 918 2071 data,
953 2020 1045 2062 novos
1066 2004 1216 2062 mitterent
1245 2000 1305 2062 buo
1333 1999 1517 2079 depeculen

197 2110 294 2173 tores,
318 2105 368 2181 qni
391 2104 526 2165 astutiam
549 2103 640 2165 eorde
667 2103 925 2172 machinarentur,
959 2123 1016 2183 qna
1044 2121 1098 2162 uos
1126 2121 1199 2163 auru
1227 2101 1410 2182 spoliarent,
1442 2120 1492 2162 neo

130 2219 275 2269 §.ouum
298 2227 340 2264 ιιι.
374 2202 518 2283 {argenti
541 2204 649 2285 aliquid
673 2206 803 2266 lacerent
824 2206 873 2265 bie
895 2205 1050 2284 reliquum.
1102 2206 1200 2276 Quare
1226 2203 1347 2264 tandem
1375 2204 1492 2264 allicere

197 2311 346 2366 tentemus
374 2307 452 2385 qnod
481 2307 556 2368 ellici
584 2325 672 2387 posse
703 2314 841 2385 rregatum
865 2312 909 2367 est
930 2306 1087 2367 hactenus:
1115 2324 1268 2367 servemus
1295 2324 1363 2384 qnae
1395 2313 1490 2365 nosue

196 2404 297 2482 aaliz*
321 2401 329 2487 Ι
352 2414 435 2477 sunt;
459 2426 555 2488 neque
577 2410 655 2469 euim
676 2410 816 2468 satiamus
837 2409 986 2495 homiues,
1010 2427 1078 2469 eum
1099 2410 1254 2485 pecuniam
1276 2408 1365 2467 toties
1387 2413 1418 2466 et
1432 2413 1490 2466 tau·

196 2515 256 2569 tam
278 2509 432 2578 mittimus,
455 2511 605 2571 irritamus
627 2509 720 2571 multo
742 2511 851 2587 magis,
886 2501 1023 2589 patientia
1046 2517 1146 2571 nostra
1170 2528 1205 2570 au
1227 2508 1416 2586 simplicitate
1440 2509 1518 2568 ἰιῑιιι

94 2610 98 2619 “
197 2611 345 2671 avariores
366 2611 473 2672 cotidie
495 2612 636 2690 iacientes
658 2619 688 2672 et
710 2618 879 2672 nostrornm
901 2614 994 2688 magis
1017 2617 1196 2690 appetentes.
1233 2610 1267 2669 lu
1290 2609 1417 2688 proclivi
1439 2609 1491 2669 boe

129 2711 296 2783 innubis:
321 2720 431 2774 tantum
454 2713 569 2774 audete.
614 2714 656 2774 lla
679 2732 726 2774 me
749 2714 826 2792 quod
850 2713 1005 2791 pollicear,
1028 2715 1070 2774 sio
1092 2733 1140 2774 me
1156 2712 1287 2773 Cbristns
1304 2729 1414 2771 eornm
1430 2728 1492 2790 qne

196 2833 283 2893 paro,
308 2821 474 2892 computem
498 2815 600 2884 iaciat,
629 2822 661 2875 nt
683 2813 816 2875 laborem
838 2814 951 2876 nullum
978 2815 1206 2893 subterfugiam,
1233 2831 1332 2892 neque
1361 2830 1490 2891 unquam

195 2916 332 2985 cessabo,
362 2916 456 2976 eloneo
479 2917 615 2977 ellectum
643 2916 757 2985 ridere,
786 2924 818 2977 ut
846 2918 953 2996 nerpnd
982 2917 1088 2977 deinde
1117 2923 1245 2995 questus
1273 2916 1302 2975 in
1331 2915 1490 2976 Germania

194 3021 232 3079 sit
252 3018 395 3096 improbis
417 3019 593 3087 Curtisauis,
616 3017 767 3079 sceleratis
788 3018 1033 3079 Romanensibns.
1072 3017 1135 3077 haee
1158 3017 1279 3077 nimium
1295 3015 1400 3077 multis
1415 3015 1519 3095 apndu

196 3140 261 3188 eos,
285 3120 393 3199 quibus
416 3121 551 3180 virtutem
575 3120 699 3188 addere,
724 3119 812 3179 verba
835 3137 893 3179 rron
917 3119 1009 3180 decet.

123 3219 336 3299 t.o·s.l¹:¹,¹,¹,.,f.⁴;,l
400 3242 511 3283 avena.
549 3222 676 3282 Audistis
698 3222 876 3299 garrientem
899 3219 994 3290 buno,
1026 3221 1187 3307 Germani,
1209 3219 1288 3298 qnod
1319 3237 1421 3298 neque
1442 3237 1492 3300 pes

194 3342 290 3404 neque
322 3330 410 3402 eaput
438 3330 615 3401 compareat.
660 3324 716 3383 iam
747 3324 851 3383 induiti
878 3341 972 3401 prope
999 3324 1070 3383 anui
1092 3329 1161 3383 sunt
1182 3340 1273 3401 qurum
1302 3320 1491 3399 possidemus

193 3427 240 3486 ins
261 3425 310 3486 bio
331 3432 480 3492 nostrum,
508 3432 656 3485 ettamen
679 3441 748 3502 spes
771 3425 848 3484 venit
869 3424 965 3501 impiis
988 3443 1088 3484 rerum
1111 3424 1296 3483 novationem
1319 3422 1489 3485 inducendi.

192 3523 386 3602 fiftg³⁰³ssggssi⁸d
414 3526 493 3604 qnod
516 3534 548 3586 nt
570 3526 688 3587 ellloere
711 3534 846 3604 possent,
877 3533 975 3585 tarrren
998 3526 1099 3602 patriae
1125 3524 1307 3585 olaribrdinis
1336 3526 1440 3584 venire
1460 3526 1518 3583 inat

125 3634 322 3696 §.umentem
345 3628 386 3687 eis
409 3627 546 3697 deberet,
575 3645 612 3688 ne
635 3628 711 3688 banc
734 3626 810 3687 malo
833 3626 1030 3687 obscurarent
1051 3627 1190 3687 iaeinore.
1235 3625 1316 3705 qrrod
1347 3643 1400 3685 ros
1423 3643 1489 3705 pro·

194 3729 293 3790 ridere
315 3729 415 3799 decet,
439 3747 476 3789 ue
498 3748 556 3808 quo
578 3747 654 3789 noro
675 3728 822 3790 dedecore
846 3729 1070 3789 vetustissimam
1093 3726 1241 3806 religionis
1264 3733 1294 3787 et
1315 3727 1434 3804 pietatis
1454 3725 1489 3787 de

103 3872 110 3883 -
192 3830 274 3893 robis
302 3832 409 3892 laruam
439 3831 630 3909 eonspuroari
659 3832 769 3890 sinatis.
815 3830 934 3890 lleoimo
966 3830 1083 3907 quidem
1113 3830 1212 3908 opinio
1243 3836 1288 3888 est
1315 3827 1489 3889 obedientes

191 3933 303 3995 bebere
324 3952 356 3993 se
378 3932 426 3993 bie
448 3951 532 4001 ores;
555 3939 644 4010 aterne
666 3932 755 4010 igitur
776 3933 899 3992 nimium
922 3931 959 3991 de
981 3931 1064 3991 robis
1086 3930 1143 3990 sibi
1171 3928 1267 4007 placet
1294 3936 1398 4007 pastor
1425 3927 1487 3989 ille:

191 4035 270 4113 qnod
294 4053 341 4094 me
363 4037 450 4095 etiam
474 4032 611 4095 laudibus
642 4031 794 4093 coelebrare
824 4034 906 4092 iussit
934 4033 994 4093 bur,
1021 4031 1196 4101 alienatum,
1231 4032 1364 4091 omnium
1395 4031 1517 4092 naboe

191 4134 364 4212 igffffi'gffl',
386 4133 394 4218 Ι
416 4137 498 4195 ιιιιιιι“
511 4135 587 4196 barre
608 4136 800 4212 integerrime
822 4153 940 4213 serrrper
962 4135 1051 4194 inisse
1073 4133 1200 4194 deditam
1216 4132 1278 4194 sedi
1294 4132 1486 4210 spostolicae:

123 4252 180 4302 tn.
191 4239 246 4299 etsi
267 4237 356 4298 bodie
377 4238 512 4316 nequiter
535 4236 681 4314 expedivit
703 4235 773 4295 nrilri
796 4238 945 4313 negotium
969 4237 1041 4297 lroc:
1071 4237 1109 4295 ita
1133 4253 1181 4294 me
1203 4233 1362 4295 crudeliter
1385 4234 1488 4296 babuit

190 4339 245 4400 iste
267 4338 376 4418 hospes
397 4356 496 4407 meus,
525 4356 700 4418 quomens,
731 4338 787 4397 nisi
814 4338 894 4398 hand
921 4340 992 4397 estis
1020 4354 1095 4414 quos
1122 4354 1187 4397 esse
1209 4335 1311 4396 ltonrre
1339 4343 1485 4414 putenam.

256 4574 267 4606 ¹
285 4574 378 4624 Plant.
392 4575 468 4625 Asin.
484 4575 533 4624 lll.
549 4574 611 4632 Lat.
663 4573 674 4606 ³
693 4579 778 4639 nepot
795 4572 828 4639 s]
847 4574 923 4623 Suet.
938 4574 999 4624 Cel.
1012 4568 1053 4623 37.
1096 4572 1106 4602 ⁵
1125 4571 1214 4624 ubam.
1227 4573 1297 4638 plor.
1312 4569 1382 4637 aun]
1402 4570 1485 4623 aune

189 4659 284 4710 verba.
320 4658 989 4726 ¹⁰⁴·cf.1{0r.epist.1.itineranti.lugan.
1033 4658 1218 4722 15ιμιιιιιιειίιί.
1258 4654 1321 4700 ²¹¹⁴·
1341 4657 1483 4707 Plautus.

188 4744 239 4796 ill.
252 4742 277 4803 3,
287 4755 332 4796 tte.
390 4745 412 4777 ³²
430 4745 521 4795 Plant.
536 4745 632 4810 Amph.
646 4746 666 4794 l.
685 4744 750 4804 nas.
770 4745 924 4809 ,mequner
936 4758 1015 4809 paene
1029 4743 1171 4808 expedivit
1182 4744 1272 4809 prims
1290 4743 1482 4809 parasitand'.
