3276 5414
471 379 519 429 111.
592 393 730 431 ursnvnvs
752 393 875 429 seven
913 379 1166 443 uranoscopus)
1272 358 1274 365 Ι
1416 366 1463 435 55

167 550 267 617 (laste,
291 551 402 610 sorices
424 568 459 609 ac
481 551 566 609 tinem
587 547 699 625 palatii,
724 549 773 626 qni
795 547 919 625 plurimo
944 548 991 608 die
1014 557 1161 629 noctoque
1184 549 1326 609 arrodnnt
1349 569 1383 609 ac
1400 568 1464 610 eor-

167 653 293 719 rodunt,
318 652 427 730 rpriqnc
450 650 576 728 plurime
599 649 755 709 devorant:
779 651 898 709 omnino
922 651 999 709 enim
1021 653 1107 712 vitam
1130 671 1165 711 ac
1187 651 1360 727 sanguinem
1383 652 1464 728 prin·
1549 708 1555 719 ,

168 756 268 830 cipum
290 761 421 828 cangunt
443 754 490 813 isti
512 771 546 812 ac
568 751 646 812 lente
669 761 861 819 consnmunt;
895 751 931 810 dc
960 751 1066 830 quibus
1090 751 1171 812 raldo
1199 751 1361 828 prudenter
1383 753 1464 811 ,tini-

166 855 287 915 stbenes
309 853 501 932 philosophus
523 852 591 913 olim
614 854 742 919 monuit.
770 853 793 911 si
817 853 974 912 necessitas
997 862 1115 932 urgeat,
1140 861 1280 931 prestare
1308 854 1337 912 in
1361 871 1465 913 corros

144 975 258 1034 squam
281 957 310 1014 in
333 963 529 1017 assentatores
551 954 694 1022 incidere,
718 953 783 1014 illos
806 957 883 1013 enim
906 962 1053 1024 mortuos,
1085 956 1140 1015 bos
1162 956 1289 1015 viventes
1311 953 1462 1016 devorare.

166 1059 218 1136 qui
240 1076 306 1118 curn
329 1058 408 1116 noxii
431 1057 541 1135 ubique
563 1057 636 1123 sint,
665 1053 750 1114 utiles
773 1073 933 1134 nusquam,
963 1057 1096 1115 maximis
1119 1062 1216 1117 lamen
1239 1075 1274 1116 ac
1296 1056 1463 1117 intolerabi-

166 1159 244 1219 libus
266 1158 384 1219 alnntnr
407 1157 580 1235 sumptibus
632 1157 692 1216 llos
721 1157 818 1216 rideas
841 1157 869 1215 in
893 1158 971 1215 «lirini
995 1158 1157 1225 mmrdieia,
1188 1156 1325 1218 omnibus
1346 1157 1464 1219 lautitiis
1541 1218 1544 1222 .

166 1261 343 1329 delitiantes,
367 1258 519 1337 splendide
542 1259 674 1327 vestitos,
699 1258 776 1318 bene
799 1266 981 1327 nunnnntos
1005 1276 1121 1335 semper
1145 1258 1244 1319 ebrios
1265 1277 1300 1318 ac
1321 1259 1463 1320 temulen-

167 1371 213 1422 tos
237 1361 280 1423 rel
304 1364 375 1422 citra
400 1362 513 1426 riuum,
538 1360 685 1420 studiosos
707 1360 790 1430 aloe,
815 1360 928 1420 deditos
951 1359 1087 1436 crapulm.
1126 1360 1175 1438 qni
1191 1359 1275 1419 aliter
1291 1379 1350 1420 non
1367 1363 1464 1422 vivunt
1524 1383 1528 1387 ·

132 1445 197 1523 min
220 1463 284 1523 aula
308 1482 396 1543 quiam
419 1460 465 1520 illa
489 1461 597 1539 Ulyssis
620 1461 698 1521 donni
722 1480 882 1539 procorum
905 1462 1059 1521 colluvies:
1094 1462 1168 1521 adeo
1198 1480 1257 1521 non
1285 1479 1391 1540 parare
1413 1469 1464 1522 ant

166 1581 277 1640 angere
299 1583 362 1626 rem
386 1565 460 1631 irati,
483 1563 536 1623 sed
559 1582 734 1623 connumera
757 1583 792 1622 ac
814 1564 955 1641 perdere,
987 1554 1107 1641 ἄγουσι
1130 1555 1186 1622 καὶ
1206 1554 1389 1641 φέρουσιν,·
1412 1582 1462 1622 ne·

166 1686 225 1744 qne
248 1667 369 1725 istorum
393 1666 550 1743 quicquam
573 1666 678 1741 gratis,
704 1665 940 1744 qrrarrdoquidem
963 1666 1049 1742 primi
1078 1665 1123 1724 isti
1147 1665 1283 1725 munifice
1305 1665 1461 1732 donantur,

164 1766 325 1827 liberaliter
348 1767 509 1834 habentur,
541 1769 620 1842 regie
645 1766 821 1833 vestiuntur,
853 1766 938 1826 etad
963 1766 1057 1825 officia
1081 1765 1178 1833 facile,
1214 1766 1405 1843 praefecturas
1427 1786 1462 1826 ac

164 1869 295 1929 bonores
325 1869 497 1944 erelumtnr.
543 1867 578 1927 Et
607 1868 644 1927 de
674 1866 849 1945 palponibus
876 1867 977 1927 aulicis
1004 1869 1114 1927 dictum
1137 1868 1262 1929 sortasse
1284 1866 1350 1945 plus
1372 1882 1530 1944 quamius.

133 1971 314 2048 rsoportnit;
343 1971 394 2031 sed
418 1970 543 2037 idcirco,
573 1975 601 2027 ut
627 1966 821 2046 intelligeres,
850 1969 926 2029 bano
949 1970 1161 2047 navigationem
1185 1969 1255 2046 qnid
1278 1969 1460 2047 potissimum

165 2071 313 2132 dillicilem
336 2079 365 2131 et
387 2069 606 2149 intranquillam
630 2070 782 2139 redderet,
816 2090 850 2130 ac
877 2072 906 2130 in
929 2072 994 2131 aula
1017 2071 1172 2131 amicitiam
1197 2090 1233 2130 ne
1256 2089 1459 2149 praesumeres.

230 2193 357 2234 essens.
396 2173 433 2233 Ut
456 2172 554 2240 rideo,
578 2172 704 2233 inarime
727 2173 853 2249 irulignis
875 2172 1009 2234 benevoli
1030 2192 1065 2233 ac
1080 2173 1204 2233 lunulici
1219 2180 1288 2233 snrrt
1304 2173 1460 2251 principes.

230 2295 394 2336 nrsnvnrs.
432 2276 526 2351 Atque
556 2273 612 2333 boc
641 2281 684 2334 est
712 2273 790 2352 quod
820 2274 898 2335 rides
927 2274 1069 2353 quosdam
1104 2292 1199 2358 neque
1225 2293 1334 2352 genere
1365 2273 1462 2334 claros

164 2396 262 2455 neque
284 2377 389 2435 virtute
412 2375 632 2436 commendatos
655 2376 683 2434 in
706 2393 854 2436 srrrnmmn
879 2375 1093 2436 coruscendisse.

127 2498 154 2536 ao
229 2498 356 2539 cssrvs.
395 2477 513 2536 Scribas
536 2477 670 2536 maxime.

229 2599 393 2640 nrsnrnrs.
432 2579 524 2638 lmmo
547 2577 689 2656 quosdam
712 2578 816 2638 scribis
832 2581 997 2657 neepriores.
1043 2587 1130 2658 atrpre
1147 2582 1255 2661 utinam
1271 2580 1383 2639 scribas
1399 2587 1460 2639 tan·

165 2692 228 2744 tuni
251 2680 424 2741 eveherent:
454 2667 491 2738 ita
515 2680 577 2738 sine
599 2679 706 2739 iudicio
728 2699 762 2739 ac
785 2680 899 2740 delectu
923 2679 1059 2740 liberales
1081 2689 1149 2741 sunt
1173 2682 1329 2759 principes,

229 2802 355 2843 cssrrs.
394 2781 454 2840 lain
477 2780 587 2840 dndnm
611 2789 692 2840 extra
716 2789 797 2840 tumn
820 2800 987 2842 sermonem
1012 2803 1084 2845 mem
1112 2784 1339 2860 peregrimntur
1361 2800 1458 2850 aures,
1469 2804 1528 2854 §.as

164 2907 199 2947 ac
227 2887 263 2946 dc
291 2884 418 2962 (prodam
450 2884 545 2960 cogito
574 2884 720 2942 morione:
755 2884 805 2942 sed
835 2890 866 2941 tn
896 2884 949 2942 tria
981 2883 1068 2944 rerba
1099 2905 1163 2963 qum
1194 2885 1307 2961 neglexi
1331 2885 1458 2952 interim,

125 3009 153 3045 es
164 2997 274 3066 repete.

229 3106 393 3150 rrrsarers.
433 3086 461 3144 Si
486 3085 523 3145 de
546 3087 679 3145 morione
701 3086 783 3162 prius
805 3086 923 3146 (linens.

229 3209 355 3251 casrvs.
394 3187 533 3246 Audierat
557 3188 666 3247 isauri
690 3189 842 3264 pecuniam
866 3191 1007 3267 conqueri
1030 3208 1115 3248 sumn
1147 3190 1325 3268 principem,
1356 3196 1385 3248 et
1413 3207 1459 3249 re-

164 3301 251 3375 pente
273 3291 360 3363 ‘Quin
383 3295 413 3348 tu
437 3287 534 3347 scriba
557 3289 597 3347 ris
620 3289 692 3349 esse’
722 3291 815 3367 inquit
844 3297 885 3350 ‘nt
907 3309 1012 3350 arnnun
1036 3291 1179 3351 liobeas't'
1213 3310 1280 3351 nam
1308 3290 1372 3350 illos
1398 3309 1459 3369 pree.

163 3394 300 3458 omuibus
323 3389 498 3469 pecuniosos
522 3389 640 3449 rideret.

164 3617 252 3653 causo
271 3610 319 3654 etc.
339 3611 408 3673 qnod
426 3613 467 3658 13.
488 3607 569 3674 dedit]
593 3612 622 3658 in
641 3610 764 3673 inferiore
781 3628 861 3675 interp.
875 3629 943 3660 corr.
959 3614 993 3661 ΙΙ.
1011 3629 1062 3676 pro
1081 3629 1111 3663 eo
1130 3598 1199 3679 qnod
1215 3616 1240 3661 in
1258 3615 1317 3663 edd.
1336 3619 1374 3662 est
1393 3613 1458 3674 Qui·

164 3688 215 3738 bus
234 3693 391 3756 autoribus,
413 3694 557 3743 multorum
577 3694 702 3744 felicitas
720 3696 874 3760 principum
894 3698 1019 3761 peritae
1038 3698 1216 3747 subvertitur.
1270 3697 1278 3728 ¹
1298 3697 1407 3745 Soriees
1426 3713 1458 3746 eo

163 3774 186 3822 Τ
190 3775 261 3823 inere
279 3776 387 3840 palatii.
415 3784 535 3843 mor·9.5.
560 3778 587 3827 S.
608 3786 662 3828 act.
685 3779 784 3829 erilieoe
802 3784 875 3829 cre.
946 3780 957 3812 ³
980 3784 1080 3846 qniqne
1099 3785 1134 3832 ΙΙ.
1155 3784 1201 3846 qni
1225 3781 1459 3845 (sanquinem.

163 3856 175 3888 ⁸
194 3860 309 3923 erigunt
322 3865 365 3911 13.
413 3860 442 3893 ²¹
461 3862 651 3929 Antisthenes]
665 3865 707 3913 De
720 3865 886 3915 Antisthene
900 3867 971 3917 bone
986 3867 1118 3917 fabellam
1132 3872 1263 3916 enarrent
1274 3867 1458 3929 Diophoert.

164 3943 255 4006 rte,
273 3946 350 3994 mon.
365 3946 443 3996 floril.
456 3948 529 3997 XIV.
543 3948 599 4012 17„
618 3950 651 3998 de
664 3950 791 4014 Diogene
805 3949 955 4000 Albenaeue
967 3954 1100 4017 lleipnoe.
1117 3953 1164 4001 Vl.
1178 3950 1220 4000 (15.
1240 3951 1407 4015 (Scliweigh.
1421 3951 1457 4000 11.

164 4028 269 4092 peto.)
289 4030 318 4078 in
337 4046 447 4091 corvos,
468 4033 485 4080 i.
501 4050 525 4082 e.
545 4023 730 4097 deebriatos,
752 4035 811 4096 sere
831 4037 885 4083 aeci
901 4052 947 4086 nos
965 4039 1116 4096 (liemarus,
1137 4043 1211 4086 anter
1228 4037 1269 4085 die
1287 4035 1386 4091 reaten,
1405 4026 1459 4084 ἰιιηι

163 4114 232 4173 Aoo,
253 4116 303 4176 ores
316 4117 365 4163 den
383 4116 570 4180 Scdindonper.
591 4118 689 4168 eroes
708 4118 828 4182 lepidius
848 4127 890 4168 est
908 4121 1025 4170 dictrnn:
1051 4137 1165 4172 coroees
1181 4139 1216 4164 =
1233 4121 1321 4179 corvi,
1348 4118 1459 4173 celoces

161 4198 412 4250 :adsentatores
452 4201 674 4252 ⁷munditia13.
715 4202 798 4252 ”non
817 4203 854 4252 el.
873 4206 932 4255 edd.
951 4221 1004 4254 non
1024 4206 1111 4255 obli.
1153 4205 1336 4254 ¹⁰.Arlooll.
1374 4202 1393 4235 ¹¹
1412 4196 1459 4268 dy.

162 4298 189 4332 κ.
202 4276 277 4348 ipio]
298 4284 439 4335 obducunt
457 4292 485 4335 et
504 4287 642 4336 unierunt.
663 4287 703 4336 ito
722 4288 875 4352 seepissiine
895 4291 966 4355 apud
986 4291 1099 4340 Groecos
1117 4290 1167 4340 illa
1186 4291 1271 4340 verbo
1289 4290 1458 4354 coniungun-

163 4373 208 4417 tur
221 4368 256 4417 ad
268 4370 483 4434 significandam
496 4372 632 4436 rapiendi,
652 4371 846 4436 depopulandi,
867 4374 1009 4439 preedondi
1022 4376 1218 4424 temeritatem.
1244 4375 1283 4437 Cs.
1303 4390 1327 4423 e.
1341 4389 1380 4439 gr.
1395 4372 1458 4422 Plu-

163 4453 253 4503 tercb.
267 4455 336 4502 Mor.
354 4453 392 4503 le.
409 4456 476 4505 Luc.
490 4454 531 4506 31.
546 4455 620 4506 trial.
634 4457 667 4505 de
682 4464 751 4505 orot.
765 4458 790 4506 8.
846 4456 866 4490 ¹²
885 4460 1014 4524 quicquid
1031 4462 1073 4508 13.
1095 4458 1206 4524 (quict'p)
1260 4457 1280 4490 ¹³
1300 4464 1327 4508 et
1345 4464 1404 4507 eante
1424 4457 1458 4507 od

162 4538 307 4591 adeer.I!..
327 4556 377 4589 aim
394 4544 496 4588 neotuor't
515 4539 549 4588 ed
567 4542 593 4589 in
611 4547 640 4590 et
657 4549 684 4590 nt
702 4546 745 4592 13.
810 4541 832 4575 ¹⁶
850 4549 879 4592 et
897 4544 932 4592 ΙΙ.
953 4559 986 4592 oe
1005 4545 1063 4593 edd.
1133 4542 1153 4575 ²¹
1171 4546 1228 4594 Imo
1247 4547 1357 4593 etioin5.
1410 4558 1457 4592 ne·

162 4624 322 4686 qrrioreoH.
343 4624 488 4672 inferiores
507 4625 568 4674 edd.
622 4626 781 4690 .Atqne.H.
834 4624 856 4657 ²¹
875 4627 1108 4699 quodemllyillo
1127 4630 1185 4678 edd.
1238 4625 1370 4692 morione]
1390 4628 1458 4690 Hos·

162 4723 267 4756 nemen.
304 4709 345 4757 lle
365 4709 458 4758 multis
477 4708 582 4758 fabella
600 4716 736 4759 narretur.
