3276 5414
353 412 417 464 1111.
487 424 626 460 rourvna.
664 424 803 459 uraeosvs
823 423 1007 458 uvrresrcve.
1027 405 1111 470 (totu.)
1327 390 1373 461 91

82 590 193 662 quutus
216 582 266 642 ubi
289 583 358 649 sim,
382 598 420 640 ne
441 580 515 640 cleris
537 579 655 657 quidem
678 596 743 638 esse
758 596 896 657 qrraeram,
913 578 1066 657 colamque
1082 578 1253 638 modestiam
1269 577 1299 638 in
1315 596 1378 637 mo·

84 684 168 745 ribus
195 690 224 743 et
253 681 448 761 frugalitatem
480 681 508 741 lu
541 682 617 741 rictu
640 681 713 740 citra
742 681 981 760 superstitionem
1011 678 1183 758 splendidus
1217 685 1246 739 et
1275 697 1378 740 curam

44 792 49 807 “
82 784 189 845 lautus.

145 905 298 949 coaevus.
336 885 417 945 liena
440 883 528 945 rerba
551 884 646 944 audio.
1387 888 1446 939 ero.

57 1003 71 1039 ὁ
147 1006 320 1050 uvrrenvs.
358 988 394 1046 m
415 986 504 1048 verba
528 1004 576 1047 res
597 993 747 1064 serpretnr.

145 1109 298 1150 sosanna.
336 1090 373 1148 At
403 1091 432 1150 in
467 1086 655 1148 ambitionem
687 1087 838 1148 abducunt
869 1087 988 1156 divitiae,
1021 1085 1171 1147 libidinem
1204 1095 1234 1147 et
1266 1086 1377 1165 gulam;

83 1192 147 1251 baec
169 1191 275 1251 deiude
299 1192 327 1253 in
350 1188 494 1269 pericula,
518 1190 554 1249 ad
577 1190 724 1249 infamiam
748 1196 776 1248 et
799 1188 927 1249 morbos.
973 1189 1140 1248 lfemiueris
1163 1196 1259 1250 autem
1283 1190 1379 1267 gravis

82 1292 237 1353 nioraitoris
259 1292 398 1370 Epicteti,
423 1293 499 1352 inter
521 1289 648 1351 difficilia
672 1292 808 1369 ponemis
831 1298 881 1352 aut
902 1291 1020 1350 divitem
1043 1308 1108 1350 csse
1130 1290 1305 1360 modestum,
1328 1298 1379 1350 aut

83 1394 249 1454 naodestum
272 1393 399 1454 divitem.
970 1453 972 1457 ,

48 1509 74 1550 to
148 1514 321 1556 arrresvs.
359 1493 480 1565 Quoties
501 1495 595 1556 dicam
620 1501 841 1573 nonappetere
864 1494 975 1554 ‹livitias
990 1513 1053 1561 me,
1077 1493 1129 1554 sed
1145 1494 1309 1554 necessaria
1324 1503 1446 1573 petat.

83 1600 166 1658 teret
197 1615 272 1676 opus
295 1603 339 1658 cst
368 1598 445 1657 cuim
474 1599 615 1676 pecunia,
646 1615 721 1675 opus
751 1604 811 1665 cst,
840 1596 933 1674 inquit
956 1595 1181 1663 lleruostlaenes,
1209 1590 1293 1656 ἄνευ
1315 1589 1379 1676 γὰρ

83 1695 263 1779 χρημάτων
285 1695 390 1778 μηδέν
413 1694 665 1778 ἐπιγενέσθαι
687 1698 755 1758 τῶν
777 1692 936 1758 δεόντων.
982 1697 1019 1757 da
1041 1697 1167 1776 aliquid,
1197 1699 1313 1774 regina,
1343 1698 1378 1758 da

83 1818 199 1880 queso,
223 1800 328 1860 videris
351 1800 428 1861 enim
451 1818 547 1879 posse.

147 1922 300 1963 roarvsa.
339 1901 402 1962 Dixi
425 1901 590 1981 paniculum
613 1920 678 1963 esse
700 1903 728 1961 iu
745 1901 931 1980 accipiendo,
955 1901 1033 1980 quod
1050 1899 1124 1961 male
1140 1900 1266 1962 tribuam
1282 1903 1378 1962 etiam.

54 2022 78 2060 aa
151 2023 324 2065 nvrresrs.
362 2006 404 2065 En·
427 2004 484 2064 boc
507 2002 615 2082 aliquid
638 2021 732 2063 cornu
755 2001 870 2081 largire.

149 2125 302 2167 roarvxa.
340 2107 417 2178 Quid
445 2107 469 2165 si
499 2121 638 2182 naagunm
667 2105 735 2165 inde
764 2103 872 2165 malum
901 2105 1037 2174 adiecero
1066 2105 1132 2174 tibi,
1171 2112 1211 2166 est
1241 2107 1318 2165 enim
1348 2112 1381 2165 ut

85 2207 176 2277 bona,
200 2209 242 2267 sic
264 2209 349 2268 etiam
372 2207 447 2269 meda
469 2208 611 2268 refertum
635 2209 727 2286 copia.

148 2329 320 2370 nauseans.
358 2308 500 2388 Repetitis
522 2328 569 2370 me
592 2310 702 2368 caussis
717 2310 817 2369 differs
838 2310 867 2368 in
890 2307 1026 2387 longum,
1050 2308 1121 2369 dea:
1144 2315 1228 2389 potes
1245 2315 1285 2377 tu,
1308 2310 1379 2378 scio,

85 2412 197 2471 bouum
220 2411 337 2489 aliquod
359 2428 493 2471 seorsum
516 2410 596 2471 dare.
962 2403 967 2412 ’

49 2525 76 2564 ²⁰
148 2533 301 2574 rorarrsa.
339 2512 398 2573 latu
422 2513 504 2573 dedi:
528 2532 563 2573 au
587 2514 724 2592 ignorare
747 2532 794 2573 mo
817 2520 917 2591 putas,
942 2513 1020 2590 qirod
1044 2519 1072 2574 te
1095 2511 1266 2592 complexus
1281 2514 1318 2572 sit
1332 2512 1448 2574 illeso.

86 2615 260 2695 episcopus?
283 2622 414 2674 autnon
437 2617 509 2675 tracis
531 2614 588 2697 boc
611 2613 728 2674 casibus
750 2614 845 2674 refers
868 2618 1041 2692 accolatum?

150 2736 324 2779 uvrraxvs.
361 2715 499 2777 Referam
521 2717 546 2776 si
574 2718 628 2785 ris,
658 2716 709 2776 sed
738 2717 796 2776 dixi
825 2717 1024 2776 inconstantes
1050 2735 1115 2778 esse
1143 2718 1309 2798 principum
1340 2718 1381 2778 fa·

87 2837 188 2886 rorcs;
212 2817 282 2897 quid
305 2820 328 2879 si
351 2837 399 2878 me
421 2818 538 2878 deserat
560 2819 652 2886 cuim,
677 2817 728 2876 ubi
751 2817 822 2879 illud
845 2818 1027 2880 deferbuerit
1049 2838 1107 2899 quo
1131 2837 1209 2881 nuuc
1225 2820 1309 2880 ardet
1323 2821 1381 2880 mei

86 2920 235 2979 studium?

49 3035 77 3074 ²⁵
150 3041 301 3083 ronrvm.
340 3021 423 3083 Tuam
451 3021 539 3084 alium
568 3040 654 3100 spera
681 3022 802 3082 daturos
831 3023 950 3084 eosdem
974 3042 1058 3084 casus
1081 3026 1181 3103 quite
1204 3042 1263 3085 non
1286 3025 1382 3085 unium

85 3130 173 3183 amet.

151 3245 323 3287 uvrrsurs.
361 3224 480 3296 Quidvis
503 3226 710 3305 potiusquam
733 3243 854 3306 sperare
877 3226 958 3295 iubc;
988 3233 1076 3306 atque
1105 3235 1136 3287 ut
1157 3227 1302 3307 intelligas
1324 3234 1449 3308 quaen.

85 3334 116 3387 te
139 3326 339 3387 moderatione
361 3328 455 3407 siquid
479 3327 561 3388 dabis
584 3331 625 3390 uti
648 3327 747 3398 velini,
771 3329 849 3389 iuxta
872 3336 954 3390 vetus
976 3328 1033 3389 hoc
1057 3330 1272 3409 ‘Paupertatem
1295 3338 1324 3392 et
1338 3331 1381 3391 di·

88 3430 170 3489 ritias
192 3446 229 3490 ne
251 3425 367 3490 dederis
389 3428 478 3498 mibi',
503 3436 615 3491 mutiam
638 3429 674 3491 ab
697 3432 732 3490 iis
754 3449 819 3509 quiae
842 3438 873 3490 tu
895 3430 1051 3492 metuenda
1074 3439 1160 3509 putus
1175 3432 1294 3502 absum,
1318 3431 1382 3512 pol-

50 3530 239 3609 ³⁰liceorque
259 3530 313 3591 tibi
335 3531 405 3591 nibil
427 3532 572 3591 facturum
596 3549 643 3591 arae
664 3532 694 3591 iu
718 3532 773 3592 rita
795 3530 923 3593 molliter
945 3539 995 3593 aut
1010 3531 1145 3602 delicate,
1169 3534 1267 3593 omnia
1282 3553 1381 3613 perce,

86 3631 187 3692 sobrie
208 3638 238 3692 et
258 3632 399 3694 modeste.

152 3754 304 3794 ronanus.
342 3734 453 3813 [lignus
476 3734 581 3796 videris
603 3735 653 3814 qui
676 3733 753 3794 bona
775 3733 893 3796 habeas.
1391 3741 1449 3791 att.

151 3856 326 3897 nvrrnnvs.
364 3836 406 3897 lta
429 3856 483 3916 per
506 3837 620 3908 lovem:
650 3838 694 3896 eia
717 3854 788 3915 ergo
807 3833 881 3898 villud
906 3836 1026 3898 obverte
1049 3857 1157 3908 cornu,
1187 3837 1255 3899 iude
1278 3857 1382 3917 prome

88 3957 147 4017 epm
170 3938 371 3999 necessitatem
395 3938 473 3999 ferre
496 3956 612 4016 «paream,
636 3947 665 3999 et
686 3938 840 4000 calamitati
855 3941 938 4018 siqua
954 3940 1072 4017 ingruat
1086 3958 1145 4018 quo
1161 3940 1273 4001 uredcri
1287 3940 1382 4000 liceat.

46 4170 49 4175 ⁴
89 4164 181 4209 cratem
199 4160 285 4224 siquis
305 4156 469 4208 felicitatem
489 4159 578 4219 foret,
604 4159 747 4209 abundans
766 4159 864 4225 opibus
889 4176 922 4210 ac
946 4160 1048 4209 famam
1072 4159 1185 4226 insuper
1207 4160 1324 4222 addens,
1348 4176 1382 4210 ne

88 4248 192 4308 quaeret
210 4243 278 4293 dens
302 4242 370 4293 fieri.
440 4242 572 4309 ⁸Epict.]
597 4260 640 4309 op.
654 4244 730 4294 Stob.
744 4243 839 4294 Floril.
852 4244 884 4293 V.
898 4242 940 4294 86.
960 4238 1101 4309 Δοοχερὲς
1124 4233 1182 4306 ἄρα
1205 4243 1383 4296 πλουτοῦντα

92 4329 264 4393 σωφρονεῖν,
288 4316 308 4393 ἢ
332 4326 536 4393 σωφρονοῦντα
559 4329 702 4379 πλουτεῖν.
775 4327 793 4360 ¹¹
812 4327 966 4394 Demeam]
992 4329 1104 4392 Olyntb.
1130 4345 1174 4394 cp.
1193 4330 1269 4379 Stob.
1288 4329 1383 4380 Floril,

90 4411 163 4463 xcl.
176 4410 218 4463 bt).
237 4414 294 4462 Δεῖ
311 4404 347 4478 δὴ
366 4405 530 4478 χρημάτων,
555 4409 604 4463 καὶ
623 4402 694 4463 ἄνευ
712 4408 819 4463 τούτων
837 4401 925 4463 οὐδέν
944 4404 1001 4463 ἔστι
1020 4411 1076 4462 τῶν
1094 4404 1219 4463 δεόντων
1237 4408 1384 4478 γενέσθαι.

90 4497 166 4562 Opus
183 4498 311 4561 profecto
329 4503 372 4546 est
390 4498 529 4562 pecuniis,
555 4514 607 4548 nee
631 4499 689 4548 sine
713 4499 756 4548 his
780 4499 927 4563 quicquam
951 4513 1043 4548 eorum
1063 4514 1123 4563 qure
1141 4501 1303 4549 necessarie
1320 4504 1385 4548 sunt

91 4581 188 4647 perfici
213 4587 313 4646 potest.
370 4580 391 4614 ²¹
416 4579 514 4648 spise]
535 4582 669 4633 albertus
686 4583 918 4648 Mogontiuensis.
977 4576 998 4612 ¹³
1018 4580 1139 4647 deseret]
1159 4583 1246 4633 necte
1266 4596 1383 4648 augura·

89 4673 135 4716 tus
154 4672 198 4716 est
214 4667 362 4716 Huttenus.
415 4663 440 4699 ”l
455 4672 534 4716 vetur
552 4664 614 4732 hoc]
633 4669 764 4718 Proverb.
779 4668 864 4717 XXX.
876 4666 901 4716 8.
922 4665 1150 4728 „mendicitatem
1170 4672 1197 4717 et
1215 4667 1330 4718 divitius
1348 4683 1383 4718 ue

91 4751 202 4800 dederis
220 4751 301 4814 mihi3
321 4752 410 4802 tribue
429 4757 536 4803 tuntum
554 4753 643 4801 victui
661 4769 722 4802 meo
740 4752 927 4803 necessaria.'‘
