3276 5414
194 359 267 432 340
367 373 457 424 Vllll.
529 388 655 425 recurrere
675 387 787 425 rnruvs.
858 387 998 424 nrsroovs
1017 387 1216 424 neruiuevs.
1243 372 1338 437 (ιω.)

257 565 407 607 nourrou.
447 543 521 614 Quid
545 538 675 623 postulas
698 540 860 619 intelligere
883 561 945 610 me,
969 543 1017 620 qui
1041 542 1149 602 videris
1172 542 1331 621 ignorare
1347 542 1503 622 ipsealiam

193 648 280 708 luisse
304 645 479 724 primitivam
503 642 579 704 illam
602 643 778 712 Ecclesiam,
809 645 837 703 iu
867 662 925 722 qua
953 662 1007 721 pro
1037 651 1124 721 captu
1153 646 1256 705 aetatis
1291 646 1421 706 luerunt
1447 647 1502 711 ista,

192 745 315 824 {gtgpk'm
337 759 344 826 Ι
368 745 453 806 aliam
475 745 553 807 hanc
575 744 806 824 triumphantem
830 763 922 814 nunc,
945 746 974 805 iu
998 762 1056 823 qua
1078 744 1238 824 splendida
1264 748 1376 807 omnia
1399 753 1428 807 et
1448 744 1503 823 glo

162 865 166 872 ·
193 851 245 910 riae
267 846 353 927 plena
377 865 441 908 esse
464 846 618 908 convenit?

256 969 430 1011 everreovs.
471 947 534 1008 Una
556 948 610 1007 luit
632 966 765 1027 semper,
797 949 911 1028 eritque
939 948 1062 1027 posthac
1084 949 1192 1010 Christi
1216 949 1373 1012 Ecclesia.
1420 964 1523 1029 porros

193 1052 328 1112 iniuriam
350 1051 411 1129 pati
439 1051 556 1110 vincere
586 1055 630 1109 est
657 1048 812 1128 apostolis,
848 1057 879 1109 nt
907 1069 945 1110 ne
972 1050 1041 1128 quid
1068 1049 1258 1128 triumphare
1291 1053 1335 1112 sit
1370 1054 1502 1129 ignorem

192 1151 325 1237 {imm
347 1146 355 1213 l
378 1149 469 1229 gloria
493 1147 562 1212 rero
586 1149 800 1228 Episcoporum
824 1157 868 1211 est
890 1158 922 1211 ιιι
944 1150 991 1211 illa
1005 1150 1102 1231 Pauli,
1127 1153 1282 1213 neminem
1308 1152 1435 1225 laedere,
1457 1172 1502 1214 ne·

192 1255 302 1316 minem
325 1270 531 1332 corrumpere,
555 1252 701 1313 neminem
718 1253 945 1321 circumvenire,
969 1259 998 1313 et
1012 1271 1131 1313 rursum
1147 1253 1228 1330 qnod
1244 1257 1291 1315 ait
1316 1255 1392 1316 ‘Nos
1408 1266 1501 1318 auteur

194 1355 313 1433 gloriari
336 1361 453 1431 oportet
474 1354 504 1412 in
527 1353 621 1413 Cruce
644 1352 771 1413 domini'.

125 1453 313 1534 §.ttgggglgl
378 1475 527 1516 arourron.
567 1454 642 1525 Quid
671 1456 728 1524 aiS,
763 1456 865 1533 optimi
894 1455 1019 1532 pastoris
1047 1456 1175 1515 officinm
1211 1475 1274 1516 non
1315 1467 1363 1520 est
1395 1475 1527 1538 engeren

193 1575 329 1637 gregem,
354 1557 462 1617 docere
484 1554 695 1625 obedientiam,
719 1575 785 1635 qnae
807 1556 874 1634 plns
897 1564 941 1617 est
963 1576 1050 1636 quarn
1074 1558 1205 1627 victima,
1229 1558 1375 1638 affligere
1398 1580 1433 1622 se
1455 1580 1501 1622 co·

192 1663 234 1722 ris
255 1666 285 1721 ot
299 1677 450 1719 macerare
465 1656 675 1726 sollicitudine,
700 1666 732 1718 ut
746 1659 839 1736 possit
854 1677 942 1737 quam
959 1658 1058 1719 ultimo
1073 1660 1239 1736 provehere
1253 1679 1326 1722 rem
1343 1661 1501 1724 Ecclesiae?

130 1794 136 1805 ·
192 1759 361 1846 lffiffssflt
425 1779 598 1822 evenenvs.
636 1760 701 1828 Est,
730 1761 754 1819 si
784 1760 839 1820 rite
868 1761 982 1840 capias:
1011 1779 1079 1820 nam
1103 1777 1212 1837 augere
1235 1761 1351 1824 Christi
1380 1782 1499 1842 gregem

193 1866 222 1926 in
250 1863 354 1923 animis
384 1869 428 1922 est
457 1862 512 1939 ipsi
540 1859 767 1921 lucrifaciendis.
813 1862 892 1940 quod
916 1864 965 1940 qni
989 1865 1061 1940 agit,
1092 1864 1117 1922 is
1138 1862 1311 1941 provehere
1335 1866 1407 1928 fidei
1431 1865 1499 1927 limi·

194 1974 238 2027 tes
260 1973 341 2026 recte
364 1963 494 2031 dicetur;
518 1963 608 2041 siquis
632 1980 700 2022 vero
723 1961 781 2022 hoc
802 1970 944 2040 praetexat
966 1965 1100 2042 quidem,
1134 1964 1161 2024 id
1192 1983 1262 2025 vero
1293 1975 1366 2044 agat
1394 1975 1430 2029 ut
1450 1985 1524 2046 pou

195 2069 312 2129 currhm
334 2066 490 2144 conquirat
512 2071 541 2125 et
562 2064 723 2142 potentiam
747 2063 877 2133 invadat,
909 2066 985 2125 scias
1014 2085 1082 2127 eum
1111 2085 1171 2126 nou
1193 2066 1305 2127 Christi
1336 2087 1406 2130 esse
1433 2088 1498 2150 apo

126 2170 318 2238 cestorum,
341 2167 393 2229 sed
416 2165 587 2226 Christianae
610 2165 738 2225 veritatis
759 2183 974 2243 perversorem.
1019 2169 1056 2228 de
1084 2168 1249 2229 cuiusmodi
1276 2177 1364 2231 reete
1394 2170 1499 2232 Paulos

197 2271 388 2350 praemonuit,
413 2267 508 2338 ‘Quod
532 2266 627 2335 lacio,'
650 2268 745 2345 inquit
767 2267 854 2328 ‘idem
878 2275 907 2327 et
929 2269 1049 2338 luciam,
1078 2279 1111 2330 ut
1132 2277 1283 2349 amputem
1309 2273 1497 2335 occasione·

196 2373 245 2441 iis,
270 2373 320 2449 qni
343 2370 464 2450 cupiunt
486 2368 687 2436 occasionem,
712 2375 744 2427 ut
758 2370 788 2428 in
805 2389 839 2430 eo
855 2369 891 2429 de
908 2389 966 2449 quo
982 2370 1160 2448 gloriantur,
1183 2373 1378 2451 reperiantur
1397 2393 1498 2452 quem·

196 2472 355 2533 admodum
378 2479 407 2531 ει
429 2489 495 2530 nos:
526 2469 669 2547 siquidem
698 2469 861 2530 istiusmodi
884 2469 1105 2550 Pseudapostoli
1133 2475 1261 2552 operarii
1291 2473 1391 2536 dolosi
1422 2484 1524 2544 sunto

197 2593 314 2633 marono..
337 2561 344 2631 l
367 2579 482 2651 sumpta
505 2589 632 2650 persona
647 2569 856 2650 Apostolorum
873 2571 997 2633 Christi'.
1036 2573 1207 2636 Obedientia
1221 2594 1292 2637 vero
1309 2555 1404 2656 quam
1420 2578 1498 2646 dicis,

196 2696 256 2739 nou
279 2676 343 2736 hrec
365 2681 409 2736 εει
437 2693 502 2752 quae
524 2673 656 2733 Romano
678 2672 811 2734 Pontifici
833 2682 989 2751 praestator
1011 2674 1114 2747 hodie,
1144 2677 1195 2738 sed
1224 2677 1261 2740 de
1290 2698 1352 2759 qua
1380 2680 1498 2747 dicitnr,

129 2781 278 2859 §.requie
307 2777 429 2838 obedire
456 2783 573 2855 oportet
602 2775 694 2852 magis
717 2774 773 2835 deo
796 2794 883 2854 quam
906 2775 1092 2837 hominihus’.
1130 2778 1276 2841 Praeterea
1290 2783 1413 2845 summi,
1428 2800 1498 2862 pon·

198 2879 333 2959 gpgglmlffl‘·
355 2877 362 2944 l
386 2878 484 2947 tiliois,
508 2878 599 2956 siquis
622 2894 686 2938 esse
709 2877 814 2938 debeat
836 2877 893 2938 hoc
908 2885 1057 2957 tempore,
1080 2879 1209 2940 olhciom
1225 2888 1270 2941 est
1284 2899 1416 2959 pascere
1432 2901 1499 2945 oves

198 2983 319 3044 Christi:
341 2980 400 3040 lroc
422 2986 520 3039 autem
543 2978 572 3037 in
597 2997 631 3038 eo
654 2979 743 3038 situm
766 2986 826 3056 est,
861 2986 893 3040 ιιι
916 2980 1056 3059 exemplis
1079 2990 1202 3061 praeeat,
1232 2982 1318 3044 lactis
1347 2986 1524 3055 ostendats

197 3084 275 3163 apud
298 3083 386 3143 deum
409 3081 464 3159 piis
487 3097 542 3157 pro
564 3078 675 3159 populo
703 3080 885 3141 orationihus
912 3083 1090 3153 intercedat,
1121 3084 1253 3145 doctrina
1283 3085 1421 3153 erudiat.
1451 3105 1498 3148 er·

198 3185 364 3248 hortatione
385 3189 573 3261 permoveat,
603 3179 706 3242 sedulo
729 3187 758 3242 et
780 3180 935 3261 diligenter
956 3183 1092 3261 advigilet
1119 3185 1225 3264 nequid
1255 3186 1291 3247 de
1321 3206 1418 3267 grege
1446 3189 1499 3250 sihi

198 3295 316 3368 pereat,
340 3282 476 3345 oumihus
498 3283 550 3342 viis
572 3282 694 3344 obsistat
721 3284 830 3362 nequid
863 3303 956 3362 usqne
979 3285 1106 3347 aberret.
1152 3287 1202 3347 sed
1232 3305 1330 3366 neque
1360 3291 1421 3351 hoc
1450 3311 1498 3371 pa·

199 3411 331 3450 primone.
354 3380 362 3448 l
384 3403 468 3445 scere
489 3383 544 3453 illi,
567 3386 624 3445 uisi
646 3392 758 3445 tautmn
782 3392 860 3445 amet
882 3386 1044 3456 Christum,
1074 3395 1107 3449 ut
1134 3390 1163 3449 in
1191 3387 1359 3451 dilectionis
1381 3393 1497 3470 proies-

199 3485 348 3576 ffifll’ffiqss‘ffl
370 3481 378 3550 l
400 3487 482 3547 sione
505 3487 580 3546 ausit
602 3487 702 3548 dicere
726 3486 780 3546 ‘Tu
796 3488 861 3555 scis,
886 3488 1019 3558 domine,
1043 3492 1110 3568 quia
1133 3509 1200 3551 amo
1221 3490 1269 3560 ιε’,
1291 3495 1527 3565 comminitans

199 3598 291 3652 utne
314 3591 461 3651 existimes
484 3608 534 3650 eos
557 3591 607 3668 qui
630 3589 785 3667 pecuniam
808 3596 922 3659 aurant,
947 3591 1002 3651 rite
1024 3590 1187 3672 Episcopus
1208 3593 1282 3653 neri.

130 3711 194 3761 cn.
265 3710 416 3753 nomnen.
454 3693 489 3751 Αι
511 3691 574 3751 haec
602 3690 705 3753 eadem
732 3692 864 3769 agnoscit
890 3691 1041 3754 Romanus
1068 3701 1182 3763 noster,
1218 3713 1315 3774 neque
1344 3698 1500 3778 impugnet

202 3802 273 3874 puto
297 3812 362 3871 quae
384 3793 472 3863 dicis,
496 3792 547 3854 sed
570 3791 667 3871 siquid
690 3792 758 3853 iude
780 3800 830 3852 ant
851 3793 907 3853 sibi
929 3796 1050 3856 remittit
1071 3802 1122 3856 aut
1144 3794 1208 3856 aliis
1236 3795 1385 3875 indulget,
1415 3801 1446 3862 id
1468 3820 1500 3861 se

201 3895 363 3956 arbitratur
385 3914 420 3955 ex
442 3902 586 3974 potestate
608 3894 664 3954 sihi
686 3895 828 3972 permissa
851 3894 958 3956 lacere.

263 4015 437 4060 evonenus.
474 3997 569 4075 Atque
592 3995 649 4056 hoc
670 4003 714 4056 est
736 3995 814 4074 qnod
843 4014 897 4055 nos
926 3998 975 4076 qui
1006 4000 1155 4060 veritatem
1185 4006 1319 4071 tuemur,
1347 4002 1427 4065 male
1448 4004 1529 4065 hae

201 4097 266 4166 bet,
290 4097 369 4176 quod
392 4096 482 4157 multa
507 4098 593 4158 tacite
615 4098 763 4176 agnoscit,
786 4096 943 4176 aliquando
967 4100 1063 4160 verbis
1084 4102 1169 4161 etiam
1192 4101 1314 4180 prohat,
1337 4105 1393 4166 sed
1416 4105 1501 4168 iactis

202 4207 368 4260 aversatur:
403 4217 472 4260 nam
502 4200 526 4259 si
555 4201 695 4278 inspicias
723 4206 752 4261 et
779 4198 886 4261 Petrus
914 4208 946 4260 nt
976 4203 1080 4263 vixerit
1107 4211 1137 4264 et
1167 4203 1305 4284 Episcopi
1336 4213 1371 4266 ιιι
1404 4208 1501 4269 vivant

253 4436 388 4488 ⁷Ledore
408 4439 431 4484 1.
484 4434 602 4501 'Poul.]
628 4436 720 4500 epil.
736 4436 953 4487 edCor.VII.·2.
1007 4439 1091 4491 ⁸Neo
1110 4438 1211 4507 nutem]
1230 4441 1313 4493 Pauli
1332 4458 1377 4510 ep.
1393 4445 1500 4498 udGe·

205 4518 255 4569 let.
268 4520 315 4570 VI.
330 4519 369 4570 14.
390 4520 478 4582 „Mihi
499 4526 590 4570 autern
611 4521 685 4570 elisit
698 4520 825 4586 gloriari,
844 4521 898 4571 nisi
918 4523 946 4570 in
965 4540 1047 4574 cruce
1066 4526 1169 4575 domini
1188 4528 1274 4578 nostri
1288 4528 1352 4578 Iesu
1366 4530 1500 4585 Christi'.

206 4601 228 4633 ¹²
251 4603 330 4654 Paul.
348 4605 385 4655 ΙΙ.
404 4620 446 4669 ep.
466 4605 501 4654 ed
519 4604 642 4655 Corinth.
657 4607 705 4655 XI.
718 4605 804 4655 1213.
892 4604 913 4637 ²³
930 4608 993 4658 Act.
1012 4616 1099 4675 apost.
1113 4611 1146 4661 V.
1160 4609 1200 4661 29.
1282 4611 1501 4686 ³⁰'1¹uscisd.]

206 4687 312 4753 Eveng.
332 4704 388 4739 see.
406 4689 502 4740 Ioann.
522 4690 596 4741 xxt.
611 4689 650 4740 15.
664 4705 723 4755 sqq.
788 4688 808 4722 ³¹
829 4689 1080 4758 Oi.s11prap.ltl2.
