3276 5414
391 398 443 451 111.
513 412 652 450 ursavnvs
672 413 694 449 s.
714 414 796 449 suci.
832 413 980 449 oracoovs.
1001 397 1085 463 (ists.)
1336 384 1384 453 57

92 570 183 632 latum
207 572 235 632 iu
258 570 377 631 lirae-iiia
402 571 569 630 llominicus
591 588 709 630 sursum
725 571 896 649 prolectarii,
921 577 970 629 aut
991 570 1041 647 qui
1057 568 1138 629 ualde
1153 567 1312 629 liberaliter
1328 569 1385 628 lra-

92 682 172 733 trum
195 674 343 750 vectigalia
366 673 497 742 auxerit,
530 673 706 732 monasteria
729 671 950 751 locupletaverit
972 671 1015 730 rel
1039 689 1145 730 norom
1169 670 1295 749 aliquem
1318 671 1387 730 huic

93 774 250 836 colhivioiri
273 775 373 835 nidum
397 776 603 835 construxerit.
648 792 707 853 quio
736 775 767 833 sit
795 780 826 833 nt
854 773 947 832 indies
974 775 1067 850 inagis
1095 791 1129 831 ac
1158 774 1250 850 magis
1273 777 1387 832 crescat

93 875 210 937 illorum
233 895 296 947 res,
320 877 437 937 nornine
460 875 651 943 reclamante,
676 876 745 935 dum
762 876 907 935 hostiatim
924 873 1078 952 colligunt,
1103 867 1271 952 quasivero
1287 875 1386 933 sitrcs

69 994 181 1055 sparsa
203 978 309 1055 stipem
332 978 528 1047 emendicare,
551 985 601 1037 aut
623 995 682 1036 non
705 977 733 1035 iu
757 976 846 1036 multa
869 994 1028 1037 aureorum
1051 975 1128 1035 milia
1152 975 1181 1034 hi
1199 960 1385 1036 redemisti!

95 1097 164 1157 pes:
188 1079 299 1140 scilicet
320 1081 529 1157 peritissimum
553 1087 597 1139 cst
619 1079 675 1139 hoc
697 1085 912 1138 assentatorum
936 1096 1029 1155 gorius
1050 1095 1085 1137 ac
1107 1076 1264 1138 identidem
1287 1079 1384 1156 perni-

94 1181 302 1241 ciosissimum:
326 1200 394 1242 uam
416 1199 470 1260 per
492 1182 621 1258 speciem
644 1181 792 1258 religionis
814 1178 881 1247 nrali
903 1186 971 1240 suut
993 1177 1074 1239 tales.
1119 1179 1176 1239 Sed
1192 1178 1249 1239 iam
1265 1179 1300 1238 ad
1318 1193 1453 1244 ren-§.ou

94 1288 139 1343 tos
163 1301 265 1342 voc-cu:
289 1282 318 1342 lii
333 1285 444 1343 suntin
460 1281 542 1352 aula,
566 1282 664 1350 Casto,
689 1283 785 1350 lator,
810 1282 930 1350 inridia,
955 1280 1112 1358 cupiditas,
1137 1279 1265 1349 ambitio,
1289 1278 1384 1350 liuius,

94 1383 290 1452 consuetudo,
315 1392 429 1463 egestas
452 1392 480 1444 et
502 1384 678 1460 huiusmodi.

59 1501 84 1539 io
158 1504 284 1546 eas-rus.
325 1486 398 1547 Rom
422 1505 527 1564 capere
551 1486 667 1554 videor,
690 1485 741 1544 sed
765 1485 943 1544 aiidieudnui
967 1491 1012 1544 est
1034 1484 1182 1563 quomodo
1205 1484 1268 1545 lucc
1294 1501 1310 1543 a
1333 1503 1386 1543 suo

92 1592 170 1647 statu
192 1595 320 1648 mentem
342 1587 515 1648 dimoveant.

157 1709 321 1750 sttsvat's.
361 1689 469 1757 l'ai'or,
493 1690 593 1757 (laste,
611 1686 642 1747 iit
657 1689 763 1747 iniusta
779 1688 919 1757 suadeas,
937 1706 1003 1748 enni
1019 1686 1076 1746 noc
1091 1686 1256 1747 demulctus
1272 1696 1385 1748 rectum
1396 1709 1456 1760 §.io

94 1789 268 1864 dignoscere
290 1791 367 1850 haud
392 1790 475 1850 facile
498 1791 585 1868 potes
604 1797 631 1850 et
654 1791 764 1849 idcirco
786 1791 914 1867 iniquam
939 1807 1017 1866 supe
1045 1789 1130 1848 amici
1160 1807 1277 1849 causam
1305 1791 1386 1850 iuras

94 1898 144 1950 aut
166 1909 231 1968 quae
253 1909 334 1951 auras
356 1898 506 1970 utcunque
529 1891 613 1951 cadat
635 1891 691 1951 lroc
714 1893 836 1968 prim-ipi
860 1891 977 1969 probas.
1008 1897 1109 1949 contra
1133 1891 1255 1960 inuidia,
1280 1898 1312 1951 nt
1334 1891 1386 1951 bo·

60 1993 142 2051 esuis
163 1992 357 2069 saepeolisis,
382 1996 547 2072 aeipiitatem
569 1993 726 2070 impedias,
758 2012 822 2070 quiae
845 1993 948 2054 iulosta
971 1991 1063 2052 habos
1085 1994 1287 2070 persequaris:
1322 2013 1387 2072 qum

94 2093 154 2153 duo
177 2112 244 2153 cum
268 2097 317 2173 qui
339 2097 368 2155 in
392 2095 455 2155 aula
479 2103 632 2156 versantur
662 2094 757 2154 adsint
786 2094 937 2160 omnilms,
971 2094 1172 2171 incorruptam
1201 2113 1260 2154 nou
1289 2097 1389 2154 sinunt

94 2197 250 2272 genuinam
274 2196 449 2265 bonitatem;
485 2204 572 2276 atque
594 2199 633 2257 ita
663 2198 695 2256 lit
722 2204 752 2256 ut
782 2195 871 2254 multo
903 2196 1021 2272 indigna
1051 2197 1235 2271 contingant:
1269 2176 1337 2257 niun
1359 2205 1388 2258 et

95 2296 243 2373 eliguntur
272 2298 367 2359 tricoli
395 2298 477 2359 multi
505 2318 540 2359 ao
568 2298 763 2359 exeluduntur
793 2298 868 2375 lriigi
898 2298 1032 2357 homiues
1063 2305 1091 2357 et
1119 2298 1224 2358 iniuria
1248 2298 1388 2359 sithonio

95 2398 236 2460 moribus.
281 2400 341 2460 lani
365 2401 402 2460 de
425 2401 582 2478 eupiditate
605 2419 663 2460 non
686 2388 801 2460 duliitas
830 2402 858 2459 in
887 2417 961 2477 quos
989 2417 1107 2459 errores
1134 2401 1312 2477 praecipitet,
1342 2408 1456 2467 iit-om,

60 2516 155 2578 roqiie
178 2499 248 2561 nihil
271 2520 349 2579 sepe
372 2502 485 2570 lacere,
510 2502 581 2562 uilril
603 2502 702 2562 cliifere
726 2500 829 2579 aliquis
845 2508 993 2570 screatum,
1017 2500 1087 2561 dum
1104 2502 1182 2580 qnod
1198 2503 1278 2579 cupit
1292 2510 1385 2580 paret.

94 2602 164 2662 liius
186 2602 233 2662 illa
256 2612 324 2663 scint
346 2606 375 2663 in
399 2603 472 2664 aulis
495 2605 638 2682 periuria,
672 2603 728 2663 uto
758 2603 903 2680 portiiliar,
938 2602 984 2661 illa
1007 2603 1086 2675 falsa,
1101 2605 1280 2672 testimonia,
1307 2612 1389 2664 tauto

72 2696 263 2774 crebriora,
298 2714 409 2783 quanto
437 2707 502 2783 quis
531 2713 598 2783 eget
625 2706 728 2781 magis,
774 2724 809 2764 an
843 2723 899 2764 uon
931 2705 1073 2784 cupiditas
1102 2714 1146 2766 est
1175 2724 1239 2784 unae
1267 2705 1335 2765 lacit
1357 2713 1391 2766 ut

95 2825 217 2866 munera
240 2809 384 2884 accipiant
406 2805 509 2885 aliqui,
533 2816 566 2867 nt
588 2808 718 2866 lusorem
743 2808 882 2884 principis
904 2813 933 2866 et
955 2808 1067 2867 lunmm
1091 2807 1230 2874 rrudant,
1256 2815 1287 2867 ut
1309 2826 1388 2867 corri-

96 2906 199 2985 pileut‚
222 2917 255 2968 ut
277 2909 502 2986 dependantur,
532 2916 563 2968 ut
585 2910 711 2987 rapiant.
736 2917 767 2967 ut
791 2909 943 2968 t'nrcntur?
973 2908 1066 2967 Porro
1094 2908 1213 2968 ambitio
1236 2909 1305 2986 quiid
1329 2918 1457 2968 nonsit.

58 3011 230 3087 superferre
254 3012 344 3088 cogit,
369 3013 465 3070 onmia
488 3011 575 3088 digua
598 3030 633 3070 ac
655 3010 771 3086 indigna
796 3011 878 3069 oliirc
908 3011 1016 3070 iaciens
1046 3016 1074 3069 et
1100 3009 1312 3071 dissensionem
1339 3029 1388 3070 ex-

96 3112 189 3170 citans
211 3114 286 3172 niter
309 3133 359 3173 cos
388 3132 466 3190 saepe
495 3113 543 3189 qui
571 3112 626 3171 sibi
657 3112 738 3171 clrari
766 3114 889 3172 inuicem
919 3113 1065 3180 lucrant„
1083 3121 1111 3169 et
1138 3112 1333 3172 atlulatiouem
1356 3131 1391 3172 ac

96 3215 323 3275 assentationem
347 3217 484 3291 gignens,
509 3214 581 3273 duas
604 3221 636 3273 ut
658 3214 764 3273 arulisti
788 3216 929 3274 riiaximas
952 3210 1026 3272 aulae
1048 3220 1154 3290 pestes.

160 3336 287 3376 cssrvs.
325 3316 389 3376 noo
414 3317 569 3376 lereirdinu
593 3317 691 3375 ritinm
714 3333 827 3375 narras

162 3438 326 3479 nissums.
364 3419 401 3477 dt
423 3410 605 3496 lr'equcutius
628 3417 668 3476 ibi
691 3417 802 3476 millum
826 3423 884 3476 est:
908 3417 1041 3495 adeoquo
1064 3415 1120 3477 late
1143 3425 1247 3495 regnat
1268 3420 1297 3477 iu
1318 3417 1391 3476 aulis

58 3538 88 3575 ao
99 3520 264 3596 principum
287 3519 420 3602 ambitio¹
445 3527 477 3580 ut
499 3520 567 3580 lmic
589 3521 639 3580 turi
662 3526 781 3596 accepta
805 3520 971 3579 colorantur
992 3519 1102 3586 onmia;
1127 3517 1224 3578 nullus
1241 3517 1392 3578 violentior

99 3621 210 3680 Boreas
232 3623 326 3681 norim
350 3620 472 3699 impellit
495 3640 582 3699 quam
605 3621 652 3680 illa
676 3622 802 3681 hominis
825 3628 953 3680 mentem
977 3622 1106 3680 concutit
1128 3620 1177 3679 ibi.
1216 3639 1271 3697 qua
1288 3620 1391 3680 imliuti

98 3723 238 3799 quisunt
262 3724 374 3799 tortines
397 3730 493 3782 autem
516 3730 600 3792 suut,
632 3723 711 3802 qiiod
735 3722 796 3782 lianc
819 3720 855 3781 ab
879 3719 944 3782 aula
967 3739 1116 3800 nunquam
1139 3720 1224 3800 absit)
1256 3739 1314 3780 uon
1339 3721 1391 3780 dn·

167 3959 174 3990 ¹
195 3961 345 4025 proiecerit
363 3977 430 4010 corr.
445 3962 480 4010 II.
500 3962 622 4026 proiecit
635 3964 692 4010 3.5.
746 3959 929 4023 ’vectigalia
943 3961 980 4009 H.
1000 3958 1105 4008 reditus
1124 3957 1258 4020 (redditus
1275 3958 1312 4020 5.)
1331 3959 1390 4007 ccld.

97 4043 107 4074 ¹
127 4045 214 4106 Quiasi
234 4061 299 4094 vcro
317 4047 355 4094 sit
373 4060 417 4095 res
435 4061 521 4109 parra
540 4047 575 4094 II.
596 4046 675 4109 qtrosi
694 4060 738 4093 ros
756 4061 843 4110 pom
861 4046 899 4093 sit
917 4045 975 4093 edd.
1029 4042 1039 4074 ¹
1058 4043 1145 4092 millia
1162 4046 1319 4092 recentiores
1332 4044 1390 4091 edd.

98 4129 138 4178 liii
158 4132 200 4178 13.
254 4128 355 4179 ¹tales
374 4131 484 4179 adedll.
537 4131 630 4178 Venti.
650 4132 674 4177 iu
693 4134 846 4194 retempto.
898 4128 956 4178 ¹ct
973 4128 1129 4177 huiusmodi
1148 4130 1208 4177 aelel.
1224 4128 1258 4176 ΙΙ.
1305 4126 1326 4159 ¹⁰
1339 4127 1392 4177 Sed

98 4214 237 4262 cunundi
257 4219 300 4264 est
318 4217 364 4274 11„
384 4230 540 4279 quanquam
560 4215 654 4264 audire
674 4214 749 4273 licet,
769 4216 828 4264 edd.
892 4213 913 4245 ¹¹
931 4214 1030 4262 Furor.
1051 4216 1075 4263 in
1094 4229 1174 4277 ruurg.
1188 4217 1246 4263 3.5.
1306 4211 1327 4244 ¹³
1344 4228 1391 4276 po·

97 4304 140 4347 tes
159 4300 194 4348 H.
212 4301 302 4363 possis
319 4301 380 4350 edd.
450 4301 529 4350 iuvas
547 4301 583 4349 H.
603 4301 682 4348 iuves
700 4301 758 4349 edd
831 4296 1024 4364 ¹¹probnsll.
1050 4299 1235 4363 proboscidi..
1254 4299 1390 4347 etiomld.

98 4385 223 4435 .l'outra
241 4386 277 4434 ΙΙ.
342 4385 462 4434 Inuidia.
483 4388 507 4432 r'n
526 4400 605 4448 rrrnrg.
626 4387 684 4433 Μ.
757 4384 776 4415 ¹¹
795 4385 884 4433 ,Nam
905 4385 940 4432 H.
1012 4382 1032 4414 ¹⁹
1051 4383 1205 4447 Cupiditas.
1225 4384 1250 4429 iu
1269 4398 1348 4446 uturp.
1367 4387 1392 4432 5.

99 4469 151 4500 ¹¹²⁰
169 4476 230 4533 utq3
248 4471 284 4519 ΙΙ.
304 4476 335 4518 ut
352 4472 411 4518 edd.
481 4468 502 4499 ²³
522 4475 550 4517 et
569 4470 603 4518 ΙΙ.
624 4475 655 4517 ut
677 4471 737 4518 cdd.
791 4468 856 4517 iuni.
870 4464 906 4531 tu]
927 4467 970 4515 cf.
985 4467 1109 4516 dliirtiul.
1129 4467 1350 4531 epigr.1v.5‚a.
1366 4472 1394 4517 ot

100 4569 183 4618 eripies
202 4571 228 4618 p.
245 4553 284 4603 ll).
298 4562 354 4604 not.
372 4553 392 4603 l.
451 4551 634 4602 ¹⁵laciisll.
656 4553 805 4603 focithaec
824 4554 882 4601 edd.
936 4549 987 4582 ¹¹¹¹
1007 4553 1134 4601 excitans
1153 4553 1188 4601 H.
1210 4543 1433 4602 cxcitotedd.'

96 4637 117 4671 ¹¹
136 4639 256 4702 gignens
274 4639 311 4687 ΙΙ.
332 4640 493 4703 gignitedd.
548 4636 570 4669 ²¹¹
589 4639 663 4687 vieto
684 4643 708 4688 1.
722 4645 746 4687 et
760 4641 811 4687 olii.
868 4636 891 4668 ¹⁰
909 4637 1066 4686 referentur
1085 4640 1128 4685 13.
1181 4634 1201 4667 ⁸¹
1222 4637 1261 4685 ibi
1280 4637 1393 4686 oeldll.

94 4725 122 4785 (i.
138 4740 160 4772 e.
176 4726 201 4771 in
214 4724 295 4785 nolo.)
332 4723 376 4772 ci.
392 4722 572 4772 ‘Boreodibus
591 4724 738 4787 peruicior'
758 4721 1024 4787 uli.l]rasiu.1¹lilug.
1077 4719 1099 4752 ¹²
1119 4718 1200 4785 quod]
1220 4721 1285 4784 quin
1305 4723 1349 4769 13.
