3276 5414
162 409 280 445 brunoni
294 408 401 444 SEPTEH
413 408 531 445 rusrtvu
545 389 732 459 CAND1D1·‚[5.]
753 406 996 444 ΔΡΟΡΠΤΗΕΟΙΔΤΔ
1008 407 1121 443 vautacl
1134 407 1169 443 tn
1183 406 1341 451 PAEQVILU.
1373 375 1445 448 587

163 567 351 642 ‘replebuntur
372 569 470 625 domus
491 585 585 624 comm
608 566 785 631 draconibus,
809 575 837 624 et
858 565 1019 624 habitabunt
1041 567 1078 624 ihi
1101 566 1286 629 struthiones,
1314 575 1343 623 ct
1365 567 1448 642 pilosi

163 653 311 709 ‘saltabunt
333 652 385 715 ihi,
414 663 441 710 et
470 652 551 710 ototo
579 652 785 727 respondebunt
812 652 864 715 ibi,
890 661 919 708 et
941 652 1050 728 Syrenas
1080 652 1106 708 iu
1134 650 1254 708 delubris
1281 652 1448 727 voluptatis!

137 739 286 812 ‘lli‘sticm
316 737 455 794 subvertet
475 739 545 795 lleus
571 755 678 794 mensas
705 736 1001 795 nummulariorumiu
1024 736 1141 794 Ecclesia
1169 739 1390 801 Rovuancusium,
1418 741 1503 794 etl-⁵·

164 823 286 880 laniculo
309 841 360 879 suo
383 823 508 898 explodet
530 832 651 880 ementes
673 832 701 879 et
728 823 874 880 vendentes
902 822 938 879 ibi
966 822 1119 885 columbas,
1148 823 1173 878 id
1204 831 1246 879 cst
1275 832 1448 885 sacramenta,

128 910 234 965 avlona
257 909 371 983 spiritus
394 911 494 972 sancti,
518 909 681 972 sacerdotia,
702 909 889 983 episcopatum
917 917 946 964 et
973 907 1128 982 speluncam
1151 906 1224 963 illam
1247 907 1383 966 latronum
1405 926 1448 965 va·

163 994 245 1049 stuhit
269 995 295 1048 iu
318 1004 496 1067 perpetuum,
521 1003 579 1050 'uec
599 1003 703 1068 ponent
726 994 762 1049 ibi
785 993 900 1068 amplius
924 992 1040 1049 tentoria
1061 1010 1110 1048 sua
1131 991 1258 1057 drabes'',
1281 994 1308 1050 id
1330 1002 1372 1050 est
1394 1011 1448 1051 nen

163 1079 324 1134 convenient
357 1079 393 1133 ihi
426 1078 542 1153 amplius
570 1097 602 1135 ev
630 1080 702 1135 omni
733 1080 843 1135 natione
872 1077 1009 1139 homines,
1039 1086 1144 1151 “neque
1173 1079 1324 1151 pastores”,
1353 1079 1379 1136 id
1406 1087 1449 1135 est

163 1163 320 1237 pornihees,
349 1164 513 1226 cardinales,
536 1164 644 1238 praelati
666 1173 694 1221 et
717 1164 815 1239 quibus
838 1164 986 1220 animarum
1008 1180 1074 1219 cura
1096 1162 1236 1226 incumbit,
1260 1164 1450 1238 “requiescent

164 1247 250 1309 “ibi'';
273 1249 334 1310 scd,
356 1256 387 1304 ut
408 1249 475 1305 dixit
497 1249 565 1305 alius
588 1250 734 1324 propheta,
758 1250 957 1324 ‘Unusquisque
978 1257 1071 1323 pascet
1093 1266 1140 1305 eos
1163 1249 1210 1322 qui
1232 1248 1284 1305 sub
1305 1268 1385 1306 manu
1400 1267 1449 1305 sua

131 1334 260 1396 rosnat,
284 1342 330 1390 “et
351 1333 512 1391 habitabunt
535 1335 571 1391 ibi
592 1335 738 1397 dracones,
768 1352 889 1410 syrenae,
918 1334 1102 1398 struthiones,
1132 1332 1252 1390 ululae'':
1281 1334 1309 1390 in
1332 1335 1447 1408 signum,

164 1426 194 1474 ut
217 1418 440 1492 quemadmodum
464 1419 502 1475 illi
525 1421 577 1476 iam
601 1419 710 1476 illorum
734 1422 898 1477 animantum
920 1420 1026 1476 naturis
1054 1417 1146 1481 abusi,
1176 1436 1334 1492 syrenarum
1356 1419 1449 1476 videli-

163 1512 206 1559 cet
229 1503 427 1578 voluptatibus,
457 1506 643 1562 struthionum
672 1506 863 1580 persequendo
893 1523 989 1561 aurum
1012 1513 1040 1560 et
1068 1523 1105 1560 aas
1127 1503 1335 1567 Germanorum,
1363 1504 1447 1561 ululas

163 1588 313 1645 insidiando
336 1589 475 1646 animabus
489 1590 603 1653 Christi,
626 1590 797 1654 draconibus,
821 1592 904 1648 idest
920 1591 1037 1665 pessima
1052 1609 1100 1646 sua
1116 1590 1270 1664 tyrannide,
1294 1589 1448 1652 insolentia,

163 1674 261 1728 liotore
284 1673 398 1731 luxuriae
421 1683 448 1730 et
471 1685 632 1732 caeteromm
656 1676 795 1733 vitiorum:
820 1678 856 1732 ita
878 1694 930 1751 pro
952 1674 1061 1731 illorum
1084 1674 1270 1750 sycophantiis
1293 1674 1357 1732 talia
1379 1694 1448 1751 prae·

129 1758 314 1816 restituantur
336 1760 481 1816 animantia
504 1778 553 1834 per
575 1779 691 1834 quorum
713 1761 854 1836 desyderia
876 1770 904 1818 et
926 1777 1015 1817 mores
1031 1760 1070 1815 illi
1087 1759 1248 1817 ambulando
1264 1759 1447 1834 deliquerunt.

226 1843 319 1900 hixit
341 1843 517 1902 Vadiscus.
554 1845 724 1920 Completum
751 1856 793 1904 est
816 1848 843 1903 iu
866 1846 984 1904 Ecclesia
1005 1845 1049 1902 dci
1071 1845 1144 1920 quod
1167 1845 1291 1920 praedixit
1313 1864 1362 1920 per
1383 1855 1503 1921 pro-§.u

163 1930 271 2003 phetam
294 1947 373 1985 suum
395 1930 498 1986 Esaiam
522 1950 561 1987 ca.
578 1932 614 1987 iii.
659 1931 700 1986 ‘Et
726 1932 796 1988 daho
818 1949 919 2006 pueros
942 1930 1078 2005 principes
1101 1949 1212 1993 eorum,
1242 1939 1270 1988 et
1292 1931 1448 1988 cd'oemiuati

163 2014 384 2071 ‘dominabuntur
404 2017 458 2079 eis:
481 2024 508 2072 et
530 2025 641 2073 corruet
663 2017 781 2091 populus
803 2018 843 2072 vir
865 2017 897 2074 ad
920 2017 1019 2079 virum,
1044 2017 1232 2091 uuusquisque
1247 2017 1279 2073 ad
1294 2017 1448 2091 proximum

164 2108 266 2162 ‘sunum
291 2099 504 2157 tumultuabitur
526 2119 594 2176 puer
616 2111 711 2158 contra
733 2120 840 2166 senem,
864 2110 891 2158 et
915 2101 1042 2176 ignobilis
1057 2111 1153 2159 contra
1167 2100 1303 2158 uobilem’.
1347 2103 1448 2159 Revera

126 2184 233 2243 euenim
256 2184 307 2241 iarn
330 2184 398 2241 uulli
411 2187 601 2243 'adsumuntur
622 2187 655 2242 ad
677 2187 784 2261 publica
806 2188 897 2244 inuuia
918 2188 1049 2261 gerenda,
1072 2186 1104 2243 ad
1119 2185 1290 2261 praebendas,
1314 2187 1346 2244 ad
1360 2188 1449 2261 digui-

165 2277 249 2331 tates,
272 2270 304 2325 ad
327 2269 429 2333 officia,
458 2271 510 2327 nisi
533 2272 701 2335 ellmmluati,
724 2272 829 2346 gulosi,
859 2281 1040 2336 scortatores:
1067 2281 1095 2329 ct
1118 2272 1178 2328 ideo
1201 2289 1255 2328 non
1278 2272 1377 2329 iniuste
1400 2290 1449 2347 po·

165 2353 246 2427 pulos
269 2365 433 2417 murmurat,
457 2364 485 2412 et
506 2357 605 2413 merito
627 2366 723 2413 uestro
745 2358 880 2432 contingit
902 2358 998 2415 scisma
1021 2357 1089 2414 illud
1105 2357 1176 2431 quod
1193 2356 1244 2413 iam
1259 2357 1381 2414 futurum
1396 2366 1447 2414 est.

227 2439 318 2495 llixit
338 2441 553 2515 Pasquillus.
589 2441 761 2499 Veridcatum
790 2453 832 2499 est
855 2444 928 2518 quod
954 2443 1020 2500 dicit
1041 2442 1147 2504 Esaias,
1176 2442 1304 2498 ‘Cessavit
1330 2451 1449 2506 exactor,
1459 2447 1496 2498 §.⁷

165 2524 306 2597 ‘requievit
328 2526 474 2591 tributurum
497 2528 625 2584 contrivit
645 2528 771 2584 dominus
794 2528 918 2586 haculum
941 2529 1099 2603 impiorum,
1122 2527 1225 2601 virgam
1245 2528 1449 2592 dominantium,

128 2610 321 2670 as‘caedentem
344 2611 461 2685 pupulos
484 2613 511 2668 in
534 2613 643 2677 lurore;
665 2614 841 2687 conquievit,
858 2614 934 2671 siluit
957 2615 1043 2670 omnis
1066 2623 1147 2675 terra,
1170 2613 1260 2686 gavisa
1276 2622 1318 2670 est
1333 2622 1361 2670 et
1375 2612 1450 2670 exul·

163 2695 251 2758 ‘tavit;
273 2695 398 2752 lnleruus
421 2697 517 2754 subter
539 2705 566 2754 te
588 2698 768 2755 conturbatus
790 2708 847 2763 est:
870 2699 1010 2755 suscitavit
1034 2698 1081 2753 tibi
1104 2697 1244 2771 gigantem
1265 2699 1360 2754 'omnes
1375 2699 1450 2773 prin·

163 2781 247 2856 ‘cipes
271 2790 351 2837 terrm
373 2792 550 2839 surrexerunt
580 2784 613 2839 de
641 2783 718 2840 soliis
747 2785 819 2847 suis,
848 2794 876 2840 et
903 2784 993 2841 dicent
1022 2784 1070 2840 tibi
1099 2782 1149 2838 “Et
1178 2792 1208 2839 tu
1236 2783 1392 2840 vulneratus
1419 2802 1449 2841 ea

165 2865 255 2921 “sicut
278 2874 306 2921 et
329 2884 392 2929 nos,
422 2868 509 2923 nestri
532 2868 629 2925 similis
652 2869 740 2926 lactus
762 2870 822 2932 es'';
850 2870 972 2927 detracta
993 2877 1036 2925 est
1058 2869 1090 2924 ad
1109 2868 1216 2934 ¹inferos
1239 2868 1366 2943 superbia
1389 2878 1448 2934 tua:

163 2950 268 3006 ‘subter
291 2960 317 3007 te
340 2960 478 3008 sternetur
501 2954 589 3016 tinea,
618 2963 646 3009 et
674 2955 872 3028 operimentum
895 2963 971 3010 tuum
993 2963 1074 3010 erunt
1095 2971 1207 3009 verines.
1251 2954 1388 3028 quomodo
1409 2955 1450 3011 di·

128 3056 154 3095 ιι
165 3036 250 3097 aisti,
274 3036 394 3092 “Sinulis
408 3054 456 3093 ero
472 3037 639 3095 altissimo?”
661 3040 863 3103 sanctissimus,
881 3039 1136 3100 reverendissimos,
1159 3049 1347 3112 summus'ege
1363 3040 1449 3096 suml'

164 3120 304 3187 llrvemodo
326 3121 394 3178 dicis
418 3122 559 3180 “Christus
582 3142 634 3197 ego
658 3142 725 3199 surn¹
741 3125 768 3180 in
785 3133 865 3186 terra,
889 3126 971 3180 immo
986 3124 1053 3181 daus
1070 3124 1185 3180 terrael”
1208 3133 1400 3182 ‘verumtamen
1415 3126 1448 3182 ad
1460 3130 1505 3180 §.a

165 3206 309 3263 ‘infernum
330 3207 481 3264 detraheris
504 3209 531 3264 in
554 3209 718 3282 profundum
741 3208 808 3271 laci',
838 3210 902 3283 quia
930 3226 984 3265 uon
1007 3209 1192 3265 sanctissimus
1215 3226 1259 3272 es,
1288 3210 1335 3266 sed
1357 3228 1451 3284 peeca-

165 3299 253 3346 torum
277 3291 394 3366 primus:
427 3293 563 3367 quomodo
593 3293 664 3348 enim
693 3293 788 3356 audes,
820 3311 835 3350 o
858 3293 992 3368 superbe,
1022 3301 1049 3349 te
1078 3292 1215 3368 appellare
1242 3294 1449 3357 sanctissimum.

165 3375 273 3448 quaudo
298 3375 376 3433 divus
397 3377 498 3435 l'aulus
523 3378 557 3434 de
586 3377 773 3451 peccatoribus
797 3378 911 3452 loquens
932 3378 998 3434 dicit
1021 3378 1150 3446 ‘Quemrn
1172 3378 1276 3452 primus
1298 3397 1351 3453 ego
1373 3380 1451 3437 sum'.

130 3468 193 3519 sset
215 3478 322 3517 mrsvuu
346 3461 412 3536 ‘Ego
434 3472 524 3519 autem
547 3480 606 3518 sum
629 3463 755 3518 minimus
776 3462 999 3537 Apostolorum?
1028 3462 1073 3518 ubi
1102 3463 1155 3519 hoc
1182 3462 1274 3536 legisti
1300 3464 1333 3521 de
1356 3473 1450 3522 sancte

163 3546 258 3608 Petro,
288 3546 366 3602 cuius
388 3549 472 3604 vicem
495 3556 522 3604 tc
544 3565 640 3621 gerere
662 3547 748 3602 dicis?
777 3540 823 3604 ubl
845 3546 883 3603 ita
905 3564 934 3603 se
957 3547 1038 3604 iactat
1060 3547 1201 3604 amborum
1224 3549 1354 3621 magister
1375 3549 1451 3606 Chri·

162 3640 222 3687 stus
245 3631 339 3688 locust
361 3630 393 3688 Et
416 3633 476 3688 ideo
499 3633 561 3706 quia
584 3633 611 3688 iu
634 3641 739 3689 tantum
762 3641 789 3690 te
811 3633 913 3694 elevas,
936 3639 1136 3706 consequenter
1158 3633 1305 3689 timendum
1329 3633 1378 3690 tibi
1399 3643 1450 3697 est,

163 3733 196 3771 ue
220 3718 361 3789 contingat
383 3718 456 3791 rpuod
479 3717 613 3774 subiulcrt
636 3727 730 3791 postea
760 3718 830 3775 idem
857 3717 1005 3792 propheta,
1035 3718 1164 3791 'nunquid
1193 3717 1244 3774 istc
1271 3727 1314 3774 est
1342 3720 1382 3775 vir
1404 3719 1450 3793 viui

164 3801 344 3858 ‘conturbavit
374 3811 484 3864 terram,
515 3804 561 3876 qui
592 3803 730 3860 concussit
758 3822 857 3876 regna,
887 3803 934 3877 qui
956 3803 1021 3860 lecit
1043 3802 1136 3859 orbem
1158 3804 1296 3860 desertum
1319 3812 1346 3859 et
1370 3805 1450 3861 urbes

128 3887 232 3942 melus
252 3887 399 3949 destruxit,
429 3895 456 3944 et
482 3888 579 3945 vinctis
607 3889 665 3945 eius
687 3906 742 3945 non
763 3889 898 3963 aperuit‘t'
920 3898 958 3944 ‘tu
981 3888 1053 3944 enirn
1076 3896 1175 3946 terram
1199 3897 1270 3944 tuam
1294 3890 1451 3963 perdidisti;

165 3971 304 4045 ‘populum
328 3973 421 4034 tuuuv',
450 3973 474 4028 id
505 3980 633 4030 esteves
657 3974 706 4030 tibi
726 3976 884 4031 commissas
907 3973 1047 4031 ‘occidisti'
1068 3973 1139 4030 malo
1162 3982 1210 4030 tuo
1233 3973 1371 4048 exevnplo,
1401 3992 1451 4049 per

165 4064 236 4112 tuam
260 4057 442 4120 exactionem,
472 4075 520 4132 per
549 4066 608 4114 tuas
630 4076 759 4116 censuras
782 4068 810 4116 et
831 4067 1138 4120 excommunicationes:
1166 4068 1194 4115 et
1222 4076 1283 4116 cum
1314 4059 1372 4134 ipse
1394 4078 1449 4117 nen

165 4222 361 4232 ———

230 4321 240 4354 ¹
259 4324 369 4376 Sirenes
392 4327 464 4391 Vulp.
528 4323 539 4357 ⁴
557 4323 656 4392 ionic]
677 4326 1032 4392 cf.uvang.sec.roo.11.
1049 4325 1087 4376 lb.
1158 4324 1264 4393 ⁵spel]
1284 4326 1327 4376 cf.
1341 4329 1448 4393 Evang.

163 4425 219 4459 sec.
233 4410 333 4462 Mutth.
347 4411 419 4460 xxt.
434 4409 473 4461 13.
487 4411 573 4460 Marc.
587 4411 634 4460 XI.
650 4408 689 4462 ll.
703 4411 770 4460 Luc.
784 4412 857 4460 xlx.
869 4410 912 4461 46.
957 4411 968 4442 ⁹
986 4409 1091 4477 proph]
1105 4413 1201 4461 lesem.
1215 4411 1261 4464 VI.
1273 4410 1298 4462 ³.
1345 4411 1366 4444 ¹¹
1384 4414 1449 4463 Ioui.

163 4495 214 4545 111.
228 4495 251 4545 d.
265 4495 290 4545 5.
344 4494 365 4527 ¹⁸
382 4496 469 4545 irruet
487 4495 551 4546 teat.
602 4492 624 4525 ²³
642 4495 709 4544 Iuni.
722 4495 794 4545 XIV.
807 4495 896 4549 d...ld.
910 4496 959 4546 sed
976 4512 1029 4546 nec
1047 4497 1139 4546 omnia
1156 4512 1208 4547 uec
1226 4497 1358 4547 adcurate
1377 4504 1451 4548 tran-

163 4580 276 4646 scripsit
295 4584 401 4630 anctor.
447 4578 469 4611 ²³
488 4581 631 4632 cedentem
651 4583 673 4629 l.
720 4578 741 4612 ⁸¹
760 4580 930 4631 Issillllll.
946 4580 985 4630 lb.
1031 4578 1054 4614 ⁸⁴
1071 4581 1149 4632 Paul.
1163 4598 1206 4646 ep.
1219 4582 1241 4632 1.
1256 4581 1449 4634 adsimulat.

164 4663 187 4696 ⁸⁵
208 4664 288 4715 Paul.
303 4681 345 4730 ep.
359 4665 380 4715 1.
395 4664 429 4714 ad
443 4665 503 4715 Cer.
517 4664 574 4715 XV.
587 4664 613 4716 9.
682 4662 704 4697 ³⁸
726 4664 792 4714 Ioci.
805 4665 896 4718 xu11.
912 4665 1016 4716 tu...18.
1086 4664 1108 4697 ³⁹
1132 4663 1203 4717 lecit
1220 4670 1243 4716 1.
1267 4668 1361 4735 posuit
1383 4668 1448 4720 leat.

165 4746 188 4782 ⁴⁰
205 4751 314 4817 aperuit
333 4752 490 4801 carcerem?
508 4751 572 4802 lsai.
634 4757 665 4801 tu
683 4745 737 4816 eru]
755 4749 815 4800 ibid.
830 4765 855 4801 v.
868 4749 911 4801 ⁸20.
