3330 5408
195 384 268 454 576
636 411 752 450 otutoot
781 411 1050 447 rssvoottttrrtttttcr.

108 605 110 611 ·
194 572 252 627 lens
275 572 433 626 satisfacere
456 571 607 625 iuramento
631 588 691 626 meo
714 569 764 625 leci
788 569 878 625 vocari
900 568 1120 641 llagistralitatcs
1144 579 1248 625 vestras
1272 572 1305 626 ad
1336 570 1489 627 habendum

194 656 337 713 concilium
360 672 442 729 super
464 655 616 712 huiusmodi
638 655 770 710 doctrinis
800 654 950 715 luereticis,
980 654 1160 716 scandalosis,
1190 654 1360 728 blasphemis
1382 667 1412 711 et
1433 658 1489 731 pia·

139 742 256 798 §.t-rum
279 741 385 796 aurium
409 741 560 800 ollensivis,
590 740 655 813 quid
679 739 754 794 vohis
775 740 890 795 ‹lourinis
913 739 1043 795 videatur.
1086 740 1162 796 Licet
1188 741 1261 795 enim
1292 758 1365 797 atino
1389 759 1488 815 praeee-

193 826 266 883 deuti
290 827 435 881 secuudum
458 842 616 898 processum
638 833 762 883 nostrum
784 825 1020 880 condemnavimus
1042 825 1245 899 propositiones
1267 825 1411 882 cuiusdam
1434 828 1486 882 lra-

194 914 245 967 tris
259 911 292 966 de
309 910 402 965 ordine
418 911 503 965 sancti
520 910 678 981 augustini,
703 909 738 964 ita
762 910 833 982 quod
857 908 922 964 nihil
947 910 1055 964 omniuo
1079 909 1213 972 valerent,
1238 920 1329 966 tamen
1353 913 1417 984 quia
1440 911 1504 966 illes

193 997 261 1052 idern
286 998 370 1052 lrater
391 1012 445 1050 uon
467 1002 555 1050 cessat
578 996 712 1068 perversis
735 996 791 1049 suis
813 994 945 1050 doctrinis
968 994 1095 1049 seducere
1119 994 1263 1068 populum,
1288 1004 1317 1051 et
1340 1006 1421 1052 vocat
1436 1013 1498 1053 nos.

194 1081 338 1137 haereticos
360 1089 387 1133 et
410 1080 550 1152 phariseos
577 1088 605 1134 ct
635 1078 727 1140 rudes,
757 1080 909 1136 nescientes
937 1078 1104 1152 scripturas,
1134 1081 1317 1135 necessarium
1346 1080 1427 1141 duxi,
1457 1090 1485 1136 ut

194 1165 300 1220 easdem
324 1165 528 1237 propositiones
550 1181 610 1219 cum
634 1162 725 1218 multis
748 1163 864 1237 dialogis
887 1163 1000 1219 aliorum
1025 1164 1122 1219 iterum
1144 1182 1193 1238 per
1213 1166 1334 1220 critvutu
1352 1183 1483 1239 separent.

195 1259 225 1305 nt
248 1249 339 1322 paleas
362 1248 553 1305 comburamus
576 1249 638 1321 igne
660 1248 869 1321 inextinguibili.
916 1256 1017 1310 taurea,
1043 1250 1114 1304 sicut
1142 1250 1226 1306 itioris
1253 1259 1309 1311 est.
1342 1259 1483 1324 antequam

186 1325 336 1408 'procedam
360 1333 391 1388 ad
416 1342 516 1393 actum.
546 1332 608 1388 volo
636 1333 711 1407 prius
734 1334 826 1389 audire
850 1336 1010 1389 sentimenta
1032 1333 1222 1406 llagistrorum
1250 1344 1428 1396 nostrortun;
1457 1344 1511 1391 etto

193 1419 295 1474 vocetis
316 1418 455 1473 dominum
479 1417 630 1492 pedellum,
653 1425 684 1474 ut
706 1419 795 1474 omnia
818 1418 963 1492 diligenter
985 1417 1093 1475 scribat.

138 1604 184 1654 §.a
259 1605 505 1661 llocltstratus.
543 1604 671 1677 llagistor
693 1612 788 1659 noster
810 1603 926 1677 lluplex,
950 1603 1021 1662 sicul
1041 1606 1110 1666 dixi,
1133 1606 1198 1679 quid
1220 1606 1298 1662 vobis
1321 1608 1430 1664 videtur
1450 1607 1481 1664 de

195 1689 249 1745 illis
272 1690 348 1745 novis
371 1690 460 1763 poetis
482 1699 509 1744 et
531 1690 564 1744 de
587 1688 641 1745 illis
664 1688 829 1745 novitatibus
852 1707 912 1763 quae
935 1690 986 1745 iarn
1009 1708 1058 1763 per
1080 1698 1163 1746 ortem
1188 1691 1406 1764 impressoriam,
1431 1695 1481 1747 imo

194 1774 369 1835 diabolicam,
393 1775 597 1848 imprimuntur:
621 1774 642 1828 si
665 1774 826 1829 dimittimus
850 1791 897 1828 eos
920 1774 972 1840 sie,
995 1774 1083 1831 omnis
1103 1775 1223 1849 populus
1247 1777 1324 1831 radet
1347 1786 1412 1850 post
1436 1788 1509 1832 costi

195 1868 222 1914 et
243 1867 437 1915 convertentur
459 1860 490 1914 ad
514 1858 588 1914 illum
613 1876 709 1914 novum
733 1858 855 1920 modum,
884 1868 912 1914 et
936 1860 1086 1932 despicient
1109 1878 1210 1915 sacram
1234 1860 1414 1934 theologiam
1437 1862 1481 1917 do·

194 1945 280 1999 ctoris
303 1945 393 1998 Sancti
416 1953 443 1999 et
466 1943 581 1999 aliorum
603 1944 794 2016 blagistrorum
818 1951 976 1999 nostrorum
999 1944 1245 2018 praedecessorum
1267 1955 1296 1999 et
1319 1947 1429 2001 venient
1445 1945 1481 2001 illi

195 2029 336 2090 ilocticuli,
365 2038 392 2084 et
415 2028 512 2084 tollent
536 2046 648 2101 regnum
671 2037 807 2088 nostrum.
838 2037 866 2083 et
887 2045 941 2084 uon
964 2030 1114 2102 poterimus
1137 2030 1252 2104 amplius
1275 2029 1409 2092 villicare,
1438 2032 1481 2087 de·

195 2116 286 2187 cipere
316 2114 440 2186 antiquas
468 2114 585 2176 vetulas,
618 2131 793 2188 corrumpere
819 2113 958 2187 Principes
991 2132 1041 2187 per
1074 2124 1180 2170 nostras
1214 2115 1297 2170 malas
1332 2118 1480 2175 suasiones.

196 2199 303 2272 aptando
326 2198 403 2254 uobis
425 2199 602 2261 confitentum
631 2207 659 2254 et
687 2216 737 2272 per
763 2215 933 2271 consequeus
957 2200 1069 2272 ‘quando
1091 2201 1269 2273 praedicamus
1291 2201 1324 2255 ad
1348 2202 1507 2276 populanti

195 2292 289 2339 contra
313 2283 375 2338 illos
397 2283 560 2345 nclmloues,
584 2292 612 2338 ct
634 2283 673 2339 eis
694 2284 903 2344 (lotnartensium,
928 2284 1022 2339 rustici
1046 2302 1100 2341 non
1122 2285 1247 2341 credent:
1270 2294 1298 2340 et
1322 2303 1371 2364 per
1386 2303 1480 2342 conse·

196 2386 281 2442 (pireus
304 2386 357 2422 non
379 2368 481 2423 dalmnt
503 2368 582 2423 nobis
603 2385 697 2424 caseos
719 2376 747 2425 ct
770 2386 817 2423 ova
847 2377 874 2423 ct
904 2368 1096 2432 schincltones,
1125 2370 1231 2444 quando
1262 2369 1384 2426 vadimus
1408 2370 1479 2425 villa-

198 2462 268 2508 tum:
292 2452 385 2507 llelius
409 2463 450 2508 est
472 2471 539 2526 ergo
562 2453 710 2526 praevenire
733 2469 812 2525 quarn
835 2453 985 2525 praeveniri.

139 2538 185 2587 §.t
261 2537 442 2612 ltuplicins.
480 2536 579 2592 Eximio
607 2546 635 2592 ot
663 2538 902 2610 superdoctissime
924 2539 1051 2611 blagister
1078 2549 1185 2602 noster,
1214 2557 1267 2613 ego
1295 2541 1389 2597 nescio
1420 2541 1479 2614 quid

193 2624 292 2687 diemm
321 2641 373 2696 ego
402 2623 469 2679 bene
497 2622 591 2677 velleru
620 2621 696 2678 vobis
723 2623 775 2679 hoc
803 2622 885 2696 longe
912 2633 975 2679 ante
1005 2624 1119 2687 dixisse:
1149 2625 1210 2687 scd.
1239 2632 1271 2681 ut
1298 2625 1365 2681 dicit
1389 2626 1506 2686 Poetae

195 2709 269 2763 tarde
292 2725 387 2763 venere
410 2707 528 2770 subulci:
551 2725 621 2763 nutic
644 2707 676 2763 ad
698 2706 808 2780 longum
831 2708 903 2762 veuit
926 2709 1080 2781 negocimn,
1105 2719 1132 2765 ct
1155 2709 1327 2784 multiplicati
1350 2719 1417 2766 suut
1437 2728 1479 2765 su·

196 2810 245 2867 per
265 2809 422 2848 numerum:
445 2811 498 2865 ego
521 2810 575 2848 uon
599 2793 655 2847 seio
679 2791 818 2848 meliorem
842 2794 964 2853 ruoilum,
992 2795 1044 2848 nisi
1068 2795 1140 2868 quod
1162 2795 1352 2867 permittamus
1372 2812 1423 2851 cos
1444 2797 1479 2851 sic

194 2877 348 2934 stultisare:
377 2887 404 2933 et
431 2877 476 2932 ille
499 2886 541 2933 cst
564 2877 683 2951 optimus
706 2878 817 2932 modus:
848 2895 907 2933 nam
931 2879 954 2932 si
976 2877 1141 2940 resistimus,
1166 2887 1235 2935 tuuc
1264 2880 1315 2953 ipsi
1347 2879 1416 2935 nihil
1437 2898 1480 2936 cu·

196 2972 257 3019 rant
278 2970 387 3018 nostras
410 2963 594 3036 phrascarias,
623 2971 650 3017 et
673 2979 872 3018 commovemus
900 2962 1023 3036 plaehenr.
1068 2963 1115 3020 sed
1143 2972 1231 3019 tamen
1260 2966 1281 3018 si
1312 2965 1399 3021 adhuc
1421 2982 1480 3021 ceu·

195 3057 251 3104 tum
274 3049 360 3104 modis
383 3049 421 3103 sic
444 3047 608 3106 scriberent,
639 3065 690 3119 ego
715 3055 802 3102 tamen
826 3065 880 3102 nou
904 3047 964 3102 volo
987 3049 1091 3104 discere
1114 3066 1232 3121 graecum
1254 3057 1282 3104 et
1305 3049 1505 3114 hebraicorum

193 3151 245 3206 ego
269 3135 310 3188 vix
332 3134 388 3188 scio
412 3132 501 3205 legere
523 3131 697 3193 Psaltcrium,
721 3140 748 3187 et
769 3132 895 3188 deberem
916 3133 1020 3188 discere
1044 3133 1103 3188 illas
1126 3133 1295 3208 phantasias!
1326 3143 1370 3189 est
1394 3135 1479 3208 perdi·

194 3219 232 3274 tio
255 3217 395 3291 temporis.
439 3218 486 3285 sed
509 3225 595 3272 tanuen
619 3225 733 3290 propter
754 3234 846 3289 pacem
867 3217 974 3273 videtur
994 3218 1058 3274 mihi
1075 3219 1187 3280 bouum,
1211 3219 1280 3275 sicut
1294 3219 1365 3281 dixi,
1390 3229 1421 3275 ut
1442 3221 1478 3274 di·

193 3305 331 3359 mittamus
358 3319 420 3363 eos,
451 3302 516 3358 alias
545 3301 665 3357 scribent
687 3309 783 3357 contra
806 3318 855 3357 uos
878 3311 905 3358 ct
928 3303 1028 3359 lacient
1050 3319 1099 3359 nos
1123 3303 1236 3359 infames
1259 3303 1286 3358 in
1309 3303 1410 3360 saeeula
1433 3321 1479 3359 stc·

193 3388 326 3444 culorum.

136 3473 183 3523 §.a
257 3473 499 3529 llochstratus.
538 3471 590 3527 l'os
620 3471 686 3526 bene
714 3472 822 3527 sentitis
853 3472 878 3527 iu
902 3482 990 3546 parte,
1017 3473 1145 3546 lllagister
1167 3481 1274 3534 noster,
1303 3473 1350 3529 sed
1373 3474 1506 3530 rtateturo

193 3559 272 3618 mihi.
296 3559 366 3613 sicut
389 3556 519 3613 vocamini
543 3555 691 3629 lluplicius,
715 3556 787 3629 qnod
810 3556 871 3612 sitis
893 3557 991 3631 duplex
1007 3557 1109 3619 animo,
1133 3559 1195 3631 quia
1211 3558 1355 3614 declinatis
1371 3559 1405 3615 ad
1421 3576 1478 3633 par·

193 3652 246 3698 tem
270 3644 420 3705 adversam,
449 3651 476 3698 et
499 3643 558 3698 ideo
582 3641 647 3696 estis
671 3640 734 3696 inihi
757 3640 832 3696 valde
854 3652 1010 3715 suspectus:
1039 3643 1092 3698 Vos
1115 3642 1209 3705 vultis,
1238 3644 1311 3718 quod
1334 3643 1478 3700 debeamus

193 3746 241 3783 eos
262 3729 411 3784 dimittere:
435 3727 556 3801 nunquid
579 3726 632 3781 elixi
654 3727 744 3800 prius,
773 3727 795 3781 si
818 3727 978 3783 dimittimus
1001 3745 1049 3784 eos
1071 3727 1123 3790 sic,
1156 3735 1242 3783 toturn
1265 3729 1395 3784 mundum
1419 3744 1477 3802 per·

192 3899 250 3945 cult.
269 3895 346 3945 Theoi
359 3894 463 3944 Goloa.”
499 3890 622 3958 Capituli
640 3892 818 3956 provincialis
837 3894 1079 3957 procesLeoniX.
1095 3910 1119 3943 ιι.
1136 3893 1337 3955 luctamine,
1356 3900 1387 3943 nt
1405 3894 1476 3943 litem

191 3980 400 4029 Reuchlinicsnr
420 3980 525 4028 indicto
543 3979 651 4041 utrique
670 3978 744 4042 parti
762 3977 875 4026 silentio
893 3979 1009 4043 sopiret,
1030 3978 1185 4043 publicavit
1196 3978 1378 4028 Friedtaerrder
1392 3979 1472 4028 Bcitr.

189 4080 234 4113 :ar
247 4065 410 4127 liet-Getico
429 4064 520 4113 Berlin
541 4062 612 4111 tunt.
626 4059 662 4109 8⁰.
681 4079 707 4125 p.
724 4060 780 4110 113.
794 4077 853 4127 sqq.
880 4063 991 4112 easdem
1010 4062 1199 4113 exhibebimus
1218 4064 1245 4111 in
1263 4063 1393 4128 exemplo
1410 4064 1475 4127 Epp.

192 4149 226 4198 0.
239 4149 271 4198 V.
308 4151 347 4199 Dc
364 4156 477 4213 tempore
496 4164 543 4214 qao
562 4146 766 4207 „Hochutrctus
785 4162 837 4197 nec
856 4149 929 4212 prior
947 4152 1007 4197 erat
1024 4162 1077 4198 nec
1095 4147 1253 4212 inquisitor,
1271 4163 1325 4197 noc
1343 4148 1409 4199 ullis
1422 4146 1475 4196 bul·

193 4233 228 4283 lis
253 4239 302 4283 aut
325 4233 485 4299 diplomatis
508 4234 676 4281 instructus'’
700 4236 810 4297 loquitar
833 4235 907 4281 etima
925 4231 1048 4282 Eruimus
1071 4237 1096 4282 iu
1114 4233 1210 4297 Spoag.
1224 4235 1247 4293 fi.
1261 4231 1321 4282 ooo.
1346 4234 1405 4281 Fuit
1427 4248 1476 4281 eun

192 4319 320 4367 Ilutteaur
333 4319 466 4368 Bruxella·
479 4324 546 4367 esset
557 4318 709 4382 rediensque
721 4319 746 4366 in
759 4317 940 4367 Hocltvtrutuar
951 4318 1085 4367 incideret.
1097 4318 1131 4379 rs.
1144 4323 1192 4368 ool.
1208 4319 1229 4367 l.
1240 4334 1268 4381 p.
1281 4315 1342 4366 441.
1379 4317 1401 4350 11
1412 4331 1476 4366 tirr-

190 4418 288 4452 rurrvs.
302 4407 372 4452 oraio.
386 4407 410 4451 2.
471 4401 491 4434 ¹³
510 4403 640 4452 Decimus
659 4401 782 4450 ordinem
802 4401 966 4465 adloquitur.
1026 4402 1047 4434 ¹⁴
1065 4401 1143 4453 Paul.
1159 4418 1201 4467 ep.
1214 4402 1236 4451 I.
1251 4402 1287 4451 ad
1299 4402 1362 4451 Cor.
1376 4403 1423 4452 xt.
1439 4400 1476 4449 19.

191 4487 213 4520 ¹⁵
231 4486 358 4552 lacobus]
377 4487 400 4536 1.
415 4491 470 4537 1.2.
487 4487 560 4536 1557.
583 4487 680 4537 Ioonn.
696 4483 769 4534 toto.

257 4571 269 4602 ⁴
286 4572 411 4622 Lutheri.
466 4570 486 4603 11
503 4569 618 4633 Dialogi
637 4570 754 4618 initium.
809 4569 829 4602 ¹⁵
848 4570 910 4621 vtttl.
923 4576 986 4635 post
1004 4569 1061 4636 eos]
1081 4576 1211 4636 sequetur
1230 4587 1286 4632 eos,
1306 4569 1476 4620 obsecundo·

191 4656 232 4705 bit
244 4657 294 4706 eis.
314 4657 350 4706 cl.
365 4673 389 4705 o.
403 4672 442 4721 gr.
457 4655 564 4706 Ecclcs.
578 4654 669 4704 xntt.
682 4652 723 4702 23.
787 4652 810 4685 ²²
827 4652 883 4720 ddi]
898 4657 922 4703 1.
986 4653 1105 4721 richinio]
1124 4670 1225 4721 pernas
1242 4656 1303 4706 sive
1322 4662 1475 4720 petasones

189 4738 210 4771 ²⁰
229 4741 373 4791 frascariis
390 4743 416 4790 in
433 4741 504 4806 Epp.
518 4739 547 4790 0.
564 4740 596 4790 V.
