3276 5414
455 385 507 435 111.
578 401 715 453 ursarnvs
736 401 757 434 a.
778 400 860 436 arcs.
896 399 1046 436 nracocra.
1066 381 1150 450 (tots.)
1402 372 1445 443 'll

222 575 350 618 caseus.
387 554 481 615 Etiam
504 556 616 616 sentina
639 554 678 615 ihi
702 555 823 616 rnolcsta
847 556 909 615 est?
1462 563 1521 613 §.⁴⁵³-

221 675 386 717 ursavnvs.
427 656 536 726 Etiam,
569 676 606 718 nc
631 657 700 736 qnid
729 657 778 717 ulli
802 665 898 717 nautm
928 656 1075 734 patiantur
1102 657 1181 735 quod
1209 675 1267 716 non
1296 676 1452 719 rornmnnc

159 757 215 818 illis
237 759 274 817 sit
294 776 361 818 rnm
385 757 478 818 aulica
501 758 617 818 scurilia.
652 758 743 835 Igitur
766 758 1005 819 immundissimae
1022 767 1091 820 sunt
1111 761 1140 819 iu
1157 758 1222 818 aula
1238 759 1357 829 sertim,
1379 763 1454 820 mira

158 860 343 920 ohsrnmitas
388 861 517 937 primum
545 860 628 920 cibus
654 868 686 919 nt
712 860 824 929 multis,
843 863 899 921 'ita
927 859 1110 939 negligenter
1138 866 1310 939 apparatnS,
1340 879 1454 922 marce·

131 961 312 1022 tscentihus
331 980 409 1039 saepe
431 981 466 1022 ac
488 962 616 1023 rancidis
645 961 796 1024 carnihns'
811 965 841 1022 in
865 980 919 1022 ras
946 961 1017 1022 nihil
1039 962 1143 1041 purius
1163 963 1318 1033 coniectis
1347 963 1455 1041 quihus

162 1082 228 1123 cnm
252 1062 337 1142 grylli
360 1081 407 1133 se,
431 1082 540 1124 rnnscec
561 1083 595 1123 ac
617 1066 718 1124 aranei
741 1072 770 1124 et
795 1066 822 1125 id
838 1082 932 1141 genus
949 1064 1082 1124 animalia
1100 1065 1296 1132 miscuerunt,
1322 1072 1373 1125 aut
1391 1084 1455 1144 quea

162 1182 276 1225 rermes
298 1167 354 1224 iarn
374 1173 559 1245 pepererant.
606 1172 694 1244 atrpue
716 1165 761 1226 hae
784 1165 1005 1244 qualesquales
1027 1173 1095 1224 sunt
1119 1166 1283 1225 semicoctae
1306 1165 1357 1225 tihi
1382 1185 1455 1226 non·

161 1285 311 1346 nnrrqnam
335 1275 538 1345 apponuntur:
572 1269 648 1327 iuxta
678 1269 835 1345 insipidum
864 1266 929 1328 olus
956 1275 1006 1328 aut
1028 1267 1175 1345 legumina
1205 1272 1353 1347 utrunque
1376 1287 1456 1328 com·

161 1370 264 1437 rnixta,
299 1375 349 1429 ant
376 1370 472 1446 pisces
498 1371 555 1428 iarn
585 1370 634 1429 din
663 1377 730 1429 anta
753 1371 879 1438 mortni,
914 1376 963 1428 aut
990 1369 1099 1447 aliquid
1125 1368 1171 1428 his
1200 1367 1292 1428 multo
1315 1386 1457 1447 spurcum

126 1484 153 1523 ιο
163 1472 264 1548 magis
311 1469 414 1530 Vinum
438 1478 487 1530 ant
508 1470 623 1530 acidum
648 1478 697 1531 aut
721 1472 799 1549 qnod
822 1471 859 1531 ah
882 1470 936 1531 alia
959 1479 1109 1548 sumptum
1135 1488 1235 1530 mensu
1260 1478 1317 1539 est,
1341 1472 1377 1531 de
1397 1490 1456 1550 quo

162 1570 278 1630 hihcrat
300 1571 376 1632 lurte
400 1572 540 1633 harhatus
566 1572 683 1651 aliquis,
715 1572 838 1633 harham
862 1572 983 1650 proluso
1013 1590 1108 1650 nuper
1139 1573 1202 1632 inre
1229 1580 1454 1650 conspurcatum

162 1671 283 1733 hahens.
329 1673 383 1743 Qui
413 1673 561 1742 adsident,
595 1674 764 1744 hesternam
795 1673 947 1752 crapulam
977 1673 1056 1733 olent
1088 1683 1117 1734 ct
1149 1674 1287 1754 quiddam
1319 1681 1525 1735 eructanttar.

162 1773 263 1833 odiose
283 1775 429 1843 lrntidnm;
464 1758 591 1853 qnorum
614 1776 717 1855 uliquis
742 1778 904 1854 percaratis
931 1776 1012 1836 sedet
1032 1775 1236 1844 lemoralilurs,
1269 1777 1326 1837 vini
1347 1778 1457 1854 impetn

163 1873 291 1935 entolina
314 1876 393 1945 aleo,
424 1885 473 1936 ant
500 1878 578 1955 apud
601 1880 694 1956 ipsam
722 1879 817 1938 statim
841 1897 973 1938 mensam
999 1879 1102 1938 vomit:
1133 1896 1199 1937 narn
1226 1879 1264 1937 ita
1289 1878 1458 1957 frequenter

127 1977 227 2047 rshaec
249 1978 323 2038 liunt
345 1981 372 2038 in
395 1978 477 2047 aula,
502 1986 533 2039 nt
554 1998 732 2058 quocunque
754 1987 887 2058 tempora
910 1979 963 2039 ahs
984 1978 1139 2057 te·aliquis
1162 1986 1362 2056 percontetur,
1386 1981 1456 2059 quid

163 2086 267 2155 agatur
289 2079 345 2147 ihi,
369 2088 449 2141 rcrte
472 2080 511 2140 illi
534 2080 715 2159 respondeas
745 2080 885 2150 ‘liihitur,
909 2082 1049 2149 vomitur,
1073 2080 1252 2140 ellunditnr’.
1295 2081 1359 2141 lluc
1381 2082 1525 2142 accessa.

164 2181 244 2258 qnod
269 2200 327 2240 rron
352 2182 502 2243 hominum
525 2191 638 2243 tantum
660 2183 711 2242 sed
735 2183 894 2244 hostiarum
924 2184 1010 2243 ctiam
1038 2183 1178 2243 ferendus
1206 2189 1250 2241 est
1277 2183 1377 2252 lenter,
1410 2203 1457 2243 ca·

163 2300 235 2342 num
258 2285 454 2344 excrementis
480 2293 538 2345 tota
563 2287 671 2345 relerta
702 2285 783 2353 aula,
820 2285 960 2345 adversus
987 2303 1053 2363 quac
1080 2283 1255 2344 ohthurasse
1278 2302 1366 2345 nares
1387 2285 1460 2346 adeo

164 2392 209 2444 est
230 2384 409 2445 inurbanum
432 2393 461 2446 et
482 2385 646 2463 inelegans,
671 2388 753 2446 utin
777 2386 904 2446 tabulam
929 2404 1047 2464 qnoque
1071 2388 1169 2446 venire
1192 2385 1284 2445 soleat
1306 2387 1354 2464 qui
1377 2385 1459 2455 tacit3

128 2504 156 2544 20
167 2503 258 2564 quare
284 2493 315 2545 nt
335 2487 412 2547 ieras
435 2490 584 2549 assuefieri
605 2497 632 2548 te
653 2495 783 2566 oportet,
811 2495 873 2547 trrrrr
897 2486 964 2548 alihi
987 2496 1048 2548 tum
1071 2494 1140 2548 reto
1163 2489 1192 2547 in
1216 2489 1278 2565 ipso
1301 2489 1387 2547 etiam
1411 2489 1461 2547 tri·

165 2587 253 2648 clinio
275 2597 440 2649 sumentem
461 2591 518 2650 iarn
542 2590 650 2650 aihum.
696 2590 869 2668 Quanquam
891 2597 923 2649 nt
945 2609 1003 2649 non
1031 2591 1088 2648 sint
1115 2590 1201 2649 etiarn
1224 2591 1293 2658 ista,
1323 2589 1392 2649 nihil
1410 2597 1531 2653 'esttsa

165 2689 274 2768 alioqui
302 2689 412 2751 lautum
439 2691 494 2761 ihi,
530 2691 602 2752 nihil
624 2692 783 2761 iurandum,
817 2694 970 2771 insynccra
998 2693 1111 2751 crnnia:
1147 2709 1279 2751 crassum
1308 2710 1342 2750 ac
1370 2690 1462 2750 multo

165 2810 284 2870 semper
307 2793 371 2852 iure
392 2793 605 2872 impingnatum
626 2793 761 2862 mantile,
785 2801 816 2854 nt
838 2794 935 2869 digitis
955 2793 1071 2853 inurens
1096 2812 1215 2872 qunque
1238 2792 1336 2852 trahas
1358 2810 1463 2870 sequa·
1499 2830 1503 2836 ·

166 2899 230 2962 tnr;
264 2893 369 2953 calices
391 2896 447 2955 situ
469 2893 577 2972 oppleti
599 2915 633 2955 nc
658 2895 811 2963 saeuienti,
841 2897 947 2955 mirum
970 2897 998 2954 in
1023 2894 1142 2954 modum
1169 2894 1324 2954 sordidata
1347 2895 1462 2971 patinae,

129 2998 246 3056 asiuxta
268 2996 416 3074 inquinata
446 2994 500 3055 alia
527 3015 562 3056 ac
591 2996 729 3057 ohscrnna
757 3002 786 3055 ct
806 2997 897 3056 odore
919 3004 950 3056 nt
978 2996 1136 3074 plurimum
1160 2998 1322 3056 teterrimo.
1368 2980 1532 3060 Noctu'tar.

167 3104 266 3156 antem
289 3116 354 3176 qura
377 3096 568 3157 commoditas
591 3098 760 3176 quiescendi
783 3099 858 3158 inter
881 3097 1070 3176 obstreperus
1086 3098 1252 3175 potatores?
1275 3115 1400 3178 quornm
1415 3096 1463 3157 ille

167 3186 404 3277 ἀμουσότατον
426 3197 534 3277 aliquid
559 3207 646 3259 nocte
668 3201 724 3260 iam
748 3199 891 3260 concubia
915 3200 993 3277 quod
1015 3200 1146 3258 omnium
1168 3199 1319 3258 asinorum
1335 3199 1464 3259 ruditum

169 3307 291 3378 superet
313 3300 434 3368 occinit;
457 3300 531 3359 alins
553 3302 620 3360 rino
642 3301 769 3362 disertus
792 3302 903 3381 aliquot
924 3319 1001 3379 sape
1025 3302 1113 3361 horas
1128 3298 1288 3369 declamat,
1310 3301 1465 3361 inconditis

169 3401 223 3462 tihi
245 3401 350 3462 lahnlis
372 3421 508 3461 sonmnm
530 3403 745 3472 intertrrrhans;
769 3405 890 3463 forsitan
914 3411 942 3463 et
961 3402 1087 3463 cundem
1109 3409 1205 3461 tecum
1221 3404 1342 3463 sortitur
1357 3401 1465 3462 lectum

132 3510 222 3568 arant
243 3523 279 3563 cr
302 3503 392 3564 ebriis
414 3503 468 3564 illis
491 3522 581 3573 nnus,
614 3511 665 3563 ant
684 3507 734 3582 qni
756 3524 791 3565 ex
814 3504 919 3565 morbo
945 3512 1028 3582 putet
1055 3523 1089 3563 ac
1118 3503 1216 3564 scabie
1245 3504 1382 3572 iniectus,
1416 3510 1467 3564 ant
1531 3543 1536 3551 »

238 3775 344 3826 ’sicui
362 3782 422 3841 quaa
441 3780 593 3841 sequuntur
610 3776 696 3825 nimia
716 3791 776 3826 esse
799 3776 966 3827 videbuntur
988 3791 1139 3840 parumque
1159 3775 1321 3838 elegantia,
1345 3787 1406 3822 eum
1432 3772 1467 3822 ad

170 3862 294 3912 Aeneam
312 3860 434 3925 Sylvium
453 3860 612 3926 ablegatum
632 3861 724 3910 velim.
769 3859 869 3922 Sordes
888 3858 995 3909 aulicae.
1015 3864 1132 3924 arurp.5.
1174 3859 1249 3923 ⁶qui
1266 3853 1404 3924 [carneri]
1421 3860 1465 3906 1³.

172 3946 338 4011 ⁷peparant
356 3949 399 3996 13.
454 3945 472 3977 ¹¹
493 3943 562 4011 iure]
582 3947 682 4010 Suppe,
701 3946 799 3995 Briihe.
854 3950 1065 4010 conspurcatum
1084 3946 1120 3993 ll.
1151 3944 1285 3994 inlectam
1304 3944 1362 3992 edd.
1399 3938 1421 3973 ¹²
1439 3945 1468 3991 at

174 4036 315 4092 eructant,
335 4031 494 4095 peremnia
513 4030 691 4080 standardii.
711 4047 781 4080 corr.
795 4031 831 4079 H.
894 4026 915 4060 ¹⁴
933 4028 1027 4078 statim
1046 4031 1134 4079 addid.
1148 4030 1185 4077 II.
1244 4026 1265 4059 ¹⁵
1283 4027 1355 4088 Quid
1375 4028 1468 4091 agitur

175 4115 204 4164 in
223 4114 306 4164 aula?
325 4115 443 4165 Bihitur.
461 4121 580 4180 uturp&
652 4113 672 4145 ¹⁶
690 4115 729 4163 ihi
747 4116 783 4164 II.
815 4115 843 4163 in
867 4113 933 4163 aula
955 4116 1013 4163 edri.
1086 4112 1139 4145 '⁶¹¹⁷
1158 4112 1262 4161 Canum
1282 4116 1466 4161 excrementa.

172 4205 291 4263 mermi.
335 4196 354 4230 ¹⁸
373 4199 517 4249 obturasse
538 4204 595 4249 M.
614 4199 630 4247 h
650 4200 788 4249 (raldulfi.
831 4197 852 4229 ¹⁹
872 4199 918 4262 qni
936 4199 1006 4248 facit
1023 4215 1070 4247 ona
1083 4199 1141 4247 edd.
1156 4199 1243 4247 addid.
1258 4199 1294 4246 H.
1334 4194 1357 4228 ²⁰
1375 4197 1467 4258 Quare

173 4368 316 4427 mundum,
341 4369 489 4431 inayncera
513 4369 618 4429 omnia,
639 4369 674 4416 H.
695 4369 870 4432 praeterlata
894 4366 962 4416 nihil
981 4368 1020 4416 ihi
1039 4367 1159 4429 lautum,
1182 4366 1250 4416 nihil
1270 4365 1467 4426 (ratmundum,

173 4453 233 4503 edd.
254 4453 351 4513 (rano
368 4459 424 4501 arant
443 4459 511 4502 notra
531 4452 587 4516 13.)
622 4450 643 4483 ²³
662 4452 778 4501 llantile
796 4458 915 4517 nimpi.
951 4450 972 4483 ²⁴
992 4451 1104 4501 Calices
1116 4467 1196 4515 moro.
1210 4456 1236 4500 5.
1272 4449 1409 4500 secedenti
1423 4452 1466 4498 13.

174 4537 323 4587 sordidatae
343 4538 379 4585 H.
410 4541 601 4602 conspurcatae
619 4538 679 4586 eriri.
743 4538 851 4586 Patinrc
870 4541 988 4601 eucarpi
1053 4534 1075 4566 ²²⁰³
1094 4535 1152 4584 alia
1169 4536 1205 4584 II.
1237 4535 1329 4584 omnia
1347 4535 1405 4583 edd.
1435 4548 1467 4582 ac

173 4624 245 4673 crau.
261 4626 303 4672 1³.
367 4620 389 4653 ²⁸
407 4627 550 4687 potatores
563 4622 598 4670 H.
630 4626 741 4685 potores
759 4623 818 4670 edd.
876 4619 898 4651 ²⁷
916 4611 1031 4685 epaon]
1049 4620 1166 4668 maxima
1185 4618 1327 4668 inficetum
1381 4615 1403 4649 ’ὃ
1421 4616 1467 4666 da·

175 4706 281 4757 clamat
297 4708 335 4756 ΙΙ.
359 4707 559 4756 sermocinatur
576 4707 636 4754 cdd.
688 4703 711 4736 ³⁰
729 4711 827 4769 puteat
844 4707 903 4755 edd.
957 4704 1078 4753 insectus
1096 4703 1134 4752 sit
1150 4703 1208 4752 edd.
