3330 5408
293 384 367 478 566
625 479 630 491 ι
733 433 850 470 ntauoot
870 432 1141 470 PSBVDOBVTTEMCI.

355 594 623 651 llaximilianus.
661 594 747 654 llaha.
780 593 884 649 deiecta
916 600 959 648 est
988 592 1141 648 iamdudum
1172 591 1256 647 hostia
1287 591 1313 647 in
1343 591 1586 648 letnlentissinmm

294 697 415 742 emitum,
440 680 485 734 uhi
509 679 625 734 somieso
647 697 677 734 ae
699 695 813 735 corroso
836 696 850 732 a
874 675 1021 733 husonibus
1043 687 1071 732 et
1087 677 1180 750 hydris
1196 694 1304 732 rursum
1319 686 1487 750 reparantur
1502 687 1585 733 artus.

225 778 284 825 ees.
359 762 518 819 Carolus.
556 764 670 836 ltigmnn
700 780 813 837 prorsus
835 763 944 818 homine
967 761 1140 835 suppliciunt.
1186 762 1333 817 Redeamus
1357 761 1469 817 interim
1493 763 1525 817 ad
1549 763 1586 817 in·

261 851 427 931 ‘stitutum
473 849 536 921 «perid
560 848 611 902 hoo
635 866 744 904 necesse
766 856 825 903 erat
848 848 914 903 adeo
938 856 964 903 te
988 849 1133 920 torquere?
1157 864 1220 902 ntnn
1244 847 1294 901 iam
1315 847 1401 902 ditata
1424 846 1541 903 eeclesia
1558 857 1586 903 ut

293 952 410 1008 unquam
439 940 532 988 anteat
565 950 661 1006 parum
690 932 737 987 tihi
768 933 885 994 videtur,
924 939 954 987 ut
987 931 1196 1005 quinquaginta.
1235 932 1289 986 imo
1317 940 1428 988 ceritum
1456 931 1605 988 henoticiav

293 1037 363 1075 tentis
392 1018 530 1092 possideat
552 1017 717 1073 Caulinalis't
745 1035 840 1091 parum
870 1018 921 1073 hoc
949 1025 1006 1079 est,
1034 1026 1064 1072 nt
1086 1017 1227 1090 Episcopi,
1257 1016 1321 1071 olim
1346 1018 1459 1091 inopes,
1489 1016 1585 1074 relicto

293 1104 386 1160 codiee
408 1111 531 1176 pugnent
554 1104 580 1157 in
603 1104 715 1176 campo?
743 1103 859 1158 mundns
891 1103 950 1176 ipse
977 1101 1164 1157 sacerdotibus
1193 1111 1220 1156 ct
1243 1101 1382 1157 monachis
1404 1101 1505 1175 plenus
1527 1112 1584 1165 cst;

295 1189 478 1265 principatus,
509 1195 673 1261 potestates.
702 1206 783 1261 opes,
812 1204 895 1260 regna
924 1203 1032 1260 quoque
1061 1187 1093 1241 ad
1122 1187 1276 1242 sacerdotes
1297 1185 1424 1243 devoluta
1448 1197 1526 1243 sunt:
1555 1196 1584 1243 tu

296 1275 327 1329 ad
351 1273 492 1346 pristinam
515 1272 588 1327 illum
611 1272 727 1346 inopium
751 1280 778 1327 et
800 1280 987 1346 paupertatem
1009 1271 1108 1327 Christi
1131 1271 1270 1327 ecelesiam
1292 1271 1436 1327 devolvesl

226 1376 285 1423 §.et
360 1356 623 1412 hloximiliunns.
661 1356 717 1412 lloc
739 1357 824 1429 tnagis
846 1356 1007 1430 lugendum:
1032 1365 1060 1412 tu
1084 1356 1141 1430 ipse
1163 1364 1252 1412 tecum
1268 1357 1400 1429 expende.
1425 1357 1462 1412 mi
1478 1355 1614 1418 Carmen

294 1444 317 1498 si
341 1443 365 1497 id
389 1459 506 1514 trutpunm
529 1442 651 1497 docuerit
681 1442 816 1503 Christus.
847 1460 907 1515 quar
928 1441 1020 1498 elerici
1049 1450 1077 1497 et
1107 1441 1230 1497 monaehi
1259 1441 1358 1515 opibus
1381 1442 1502 1505 inhient,
1533 1451 1585 1497 tra·

294 1534 369 1582 olent
391 1526 548 1587 saecularia.
572 1527 628 1581 sint
649 1526 798 1588 aleatores,
821 1543 1012 1600 percussores,
1040 1526 1185 1587 vinolenti.
1214 1526 1413 1588 concubinarii,
1439 1527 1586 1583 lomioato·

294 1629 352 1674 res;
370 1621 406 1690 ⁸nt
421 1611 609 1667 com-entieula
624 1611 777 1667 hlonialium
801 1611 954 1685 prostibula
970 1613 1039 1674 sint:
1063 1620 1093 1667 nt
1109 1611 1218 1673 indocti,
1242 1612 1338 1685 ignavi,
1362 1612 1491 1668 bestiales
1508 1613 1585 1686 gregi

294 1697 392 1751 Christi
416 1696 616 1769 praeficiantur?
644 1696 695 1752 Sed
724 1697 780 1759 dic.
811 1697 904 1758 sodes.
935 1714 989 1770 qno
1017 1697 1075 1752 iure
1098 1705 1222 1759 cautum,
1251 1706 1281 1752 ut
1307 1705 1350 1752 tot
1378 1714 1512 1760 canones,
1544 1706 1585 1753 tot

294 1781 368 1854 loges
399 1781 426 1837 in
455 1799 585 1837 summam
613 1790 755 1837 vertantur
784 1782 923 1838 iniuriam:
953 1782 1010 1838 vide
1040 1799 1104 1837 unm
1133 1789 1205 1837 tanta
1228 1782 1394 1856 picturarum
1417 1783 1537 1838 varietas
1558 1791 1612 1837 etro

294 1866 401 1921 lascivia
425 1865 451 1920 in
474 1865 609 1928 delubris,
635 1875 675 1922 tot
698 1876 832 1922 sectarunt
856 1884 886 1922 ae
909 1867 1054 1922 lactionum
1077 1867 1212 1922 Christum
1235 1866 1421 1940 profitentium
1439 1867 1585 1927 multitudo

293 1950 429 2025 expediat:
458 1951 574 2024 denique
597 1960 625 2007 et
647 1951 729 2007 multa
753 1951 819 2013 alia,
849 1970 909 2026 quae
932 1952 954 2006 si
976 1949 1074 2013 dicam,
1098 1950 1155 2007 dies
1178 1968 1220 2007 me
1241 1951 1354 2008 deliciet.
1399 1951 1516 2010 Frustra
1538 1971 1585 2026 pu·

295 2045 352 2091 tato
374 2036 572 2109 expeditionem
595 2044 621 2092 te
645 2052 740 2110 pravare
763 2038 788 2092 in
805 2038 931 2098 Tuccam
955 2037 981 2092 ni
1005 2037 1063 2092 hacc
1085 2036 1267 2093 emendaveris
1289 2037 1376 2110 prius.
1420 2037 1584 2112 hispamam,

225 2126 284 2175 §.tt
296 2123 317 2176 si
341 2138 395 2176 iton
418 2121 503 2193 tnagis
526 2121 607 2177 etiam
629 2122 731 2196 pietate
753 2123 945 2196 expugnandus
968 2122 1004 2177 sit
1032 2138 1111 2195 quam
1140 2122 1235 2177 armis:
1264 2120 1390 2196 Apostoli
1421 2123 1469 2196 qui
1498 2131 1584 2178 totmn

291 2215 484 2262 ttorivevtecunt
507 2206 613 2269 orhem.
637 2225 716 2280 spiram
739 2217 847 2278 gentem
869 2225 987 2280 unquam
1009 2206 1091 2262 aruris
1113 2207 1277 2262 reduxerunt
1299 2206 1331 2261 ad
1348 2207 1505 2264 Christum?
1529 2209 1610 2283 pie-et

294 2300 348 2346 tate
371 2299 475 2352 autem,
499 2291 621 2347 doctrina
644 2309 674 2347 ac
697 2292 796 2348 virtute
819 2308 898 2365 reges
920 2296 947 2346 et
970 2301 1101 2365 tyrannos
1122 2292 1154 2347 ad
1178 2308 1207 2347 se
1229 2301 1387 2365 rapuerunt.
1429 2301 1432 2306 ’

356 2374 516 2430 Carolus.
556 2377 699 2432 Assentior
722 2377 845 2450 «peridem,
869 2395 923 2449 iptio
947 2394 1010 2432 vero
1033 2385 1112 2450 pacto
1136 2376 1271 2450 perficiam
1293 2376 1394 2432 neseio.

355 2459 619 2516 llasimilianus.
657 2462 789 2523 Consilio,
823 2472 852 2517 ut
873 2461 942 2524 dixi,
967 2461 1099 2517 honorum
1124 2462 1256 2522 virorum:
1287 2461 1362 2517 dahit
1389 2462 1463 2518 enim
1486 2463 1536 2518 tihi
1557 2471 1583 2519 et

293 2544 351 2601 lnce
379 2554 445 2600 oetas
475 2545 665 2618 llierouymos,
695 2546 822 2607 ltasilios.
852 2547 1075 2620 Chrysostomos,
1105 2546 1228 2608 trtrtttos,
1257 2547 1336 2602 miodo
1366 2546 1486 2604 volueris
1518 2550 1581 2623 ipse.

294 2647 437 2703 rvrrmquam
461 2630 512 2686 hoo
534 2630 639 2686 lucilius
663 2632 734 2687 laetu
758 2632 809 2687 luit
832 2649 911 2705 quam
934 2649 1018 2691 nunc.
1042 2631 1149 2704 quando
1172 2631 1324 2704 linguarum
1346 2640 1376 2687 et
1397 2631 1532 2690 honarum
1552 2633 1609 2691 hot

223 2727 281 2776 eat,
296 2724 413 2770 terarum
443 2716 530 2770 studia
560 2725 702 2790 caeperunt
730 2717 920 2777 retlovcseere:
950 2717 1052 2772 accolit
1080 2716 1251 2789 qinon-hom
1278 2715 1434 2775 mortalium
1463 2736 1527 2793 pars
1553 2719 1582 2774 ad

292 2800 343 2855 hoc
366 2801 480 2874 aspirat.
511 2809 540 2854 ut
563 2817 630 2874 pure
654 2819 821 2875 synceretpm
844 2800 935 2857 colant
957 2802 1108 2857 Christum:
1137 2801 1204 2856 nihil
1227 2809 1316 2856 antem
1340 2819 1410 2876 opus
1433 2812 1477 2859 est
1499 2822 1581 2877 equos

290 2885 407 2945 calcare.
438 2885 483 2940 uhi
514 2886 611 2959 seipsis
640 2887 672 2941 ad
700 2904 809 2941 cursum
839 2895 900 2941 snut
930 2886 1071 2960 proclivos.
1116 2887 1251 2942 Praeterea
1273 2887 1296 2942 si
1318 2895 1346 2942 et
1369 2887 1396 2942 in
1418 2889 1518 2944 vestris
1539 2890 1582 2944 de·

290 2970 374 3025 cretis
397 2979 484 3025 ratum
508 2980 570 3039 est,¹
595 2979 625 3025 ut
649 2970 756 3026 hiennio
780 2989 887 3044 sempor
908 2970 1088 3044 provinciales
1110 2971 1205 3045 synodi
1233 2971 1419 3033 celebrentur.
1448 2973 1580 3045 generalia

290 3064 380 3110 autem
403 3055 517 3111 concilia
542 3055 664 3128 quolihet
685 3057 817 3112 decennio
840 3055 1004 3117 habeantur,
1033 3056 1170 3129 utromodo
1197 3057 1247 3111 iant
1276 3074 1331 3112 non
1354 3060 1469 3114 maxime
1491 3074 1607 3115 neces-:v

292 3140 408 3202 sarium,
432 3140 476 3194 uhi
502 3141 534 3195 ah
558 3142 633 3195 :trinis
657 3140 700 3195 lx.
717 3139 821 3197 nullum
846 3140 897 3197 tale
921 3143 957 3197 sit
978 3141 1112 3203 hobitum,
1142 3149 1170 3197 et
1192 3149 1267 3197 totus
1290 3143 1349 3216 ipse
1372 3144 1489 3200 mundus
1510 3144 1581 3199 abire

291 3226 405 3297 cmpevit
429 3234 490 3298 post
514 3225 674 3281 sathanam?

164 3326 168 3333 ·
222 3328 280 3376 pso,
357 3308 514 3364 Carolus.
553 3310 665 3365 Adnitar
694 3310 782 3383 quoad
806 3319 912 3384 potero.
958 3311 1156 3384 Tempestivum
1185 3320 1226 3366 est
1256 3320 1285 3366 nt
1315 3330 1410 3368 rursus
1440 3313 1532 3370 abeam
1556 3314 1591 3368 iu.

289 3395 383 3455 vitam.
409 3411 442 3449 ne
465 3394 569 3467 Anglian
592 3395 631 3450 vel
655 3394 802 3452 Galliarum
825 3413 871 3451 rer
894 3395 973 3451 nohis
997 3396 1083 3451 irruat
1106 3396 1132 3451 in
1156 3414 1278 3470 regnum.

355 3479 492 3534 Genius.
531 3480 646 3552 ltegnsta
669 3480 746 3554 prius
769 3480 894 3554 cyauhum
919 3498 1001 3536 ttntrm
1023 3482 1148 3536 nectaris.
1585 3497 1605 3535 n

351 3563 505 3619 Carolus.
543 3564 600 3632 Quia
622 3565 688 3621 mihi
710 3565 876 3622 verlenndum
899 3564 985 3621 viam?

351 3650 490 3703 (lenius.
529 3650 655 3705 Semitum
679 3650 837 3705 monstrabo
863 3650 968 3705 hrevem
992 3649 1161 3724 facilemque.

351 3733 509 3788 Carolus.
549 3735 625 3796 Vale,
650 3733 828 3790 llaximiliane
851 3734 1015 3791 lentissimo.

220 3835 277 3883 pse.
352 3818 622 3874 hlaximilianns.
662 3820 724 3874 Sine
748 3827 777 3874 ut
801 3828 826 3874 te
849 3820 991 3876 ‹loosculer
1014 3821 1098 3895 prius.
1144 3821 1181 3875 llii
1206 3820 1253 3876 tihi
1278 3828 1350 3877 tuam
1376 3823 1518 3880 lortunent
1539 3842 1577 3879 va·

286 3901 450 3964 letmlinem,
475 3903 526 3965 hli,
551 3923 606 3976 tpno
631 3905 687 3961 haue
710 3904 746 3959 ita
769 3905 925 3977 eseqttrtrisl
1581 3920 1601 3958 to

352 3988 490 4043 Cetrius.
528 3990 623 4045 Cernis
646 3989 845 4045 sulmhscurnm
869 3984 1003 4063 tenueque
1020 4009 1050 4047 ao
1066 3989 1147 4047 voluti
1163 4008 1213 4065 per
1228 3992 1322 4047 rimam
1339 3991 1457 4049 intluens
1474 3992 1576 4050 lumen?

352 4072 507 4129 Carolus.
546 4073 637 4130 Video.

353 4159 490 4213 Genius.
528 4158 598 4214 lllnd
619 4159 725 4214 Putritii
749 4166 872 4229 untrmn,
900 4160 996 4216 deimle
1019 4160 1154 4235 llispaniae
1177 4162 1368 4234 subterranea:
1401 4163 1451 4219 hnc
1473 4165 1577 4221 deseen-

288 4242 350 4305 das‚
374 4251 457 4316 atque
480 4242 543 4299 ilico
567 4244 651 4300 lucris
675 4244 701 4298 in
725 4245 831 4317 patria,
1580 4317 1583 4322 .

218 4344 276 4394 §.se
352 4326 506 4383 Curtilius.
543 4328 661 4384 Gratiam
684 4328 784 4390 haheo,
808 4329 882 4384 Geni.
1582 4344 1601 4382 v·

351 4414 488 4468 tlenius.
525 4412 556 4468 Et
579 4414 627 4469 tihi
651 4414 739 4469 omnia
761 4415 906 4470 succedant
928 4415 959 4470 ad
984 4425 1058 4477 sota.
1081 4416 1177 4474 Carole
1200 4425 1295 4491 terque
1318 4427 1472 4493 quaterque
1494 4419 1574 4476 beate.
1624 4473 1626 4477 ,

356 4595 366 4627 ²
385 4593 493 4660 codice]
511 4595 616 4646 bibliis.
668 4594 690 4627 ²⁹
709 4599 866 4682 Disperiam
886 4599 944 4646 edd.
998 4597 1041 4648 Cf.
1056 4615 1177 4650 canones
1196 4599 1544 4653 2.«t.o.·t.15.dist.xvl11.

789 4739 821 4745 .,
828 4736 1020 4747 ...Α-η--ῌ-
1037 4744 1088 4749 ...Η
