3276 5414
1014 193 1025 219 ί

199 340 271 409 462
388 367 492 402 ORATIO
512 367 547 401 ΑΙ)
566 367 706 401 cantarunt
727 367 787 399 OPT.
803 367 868 400 ΙΙΑΧ.
890 367 941 399 P1l0
961 367 1042 401 IVLIO
1058 367 1091 402 ll.
1115 366 1241 401 LIGVM
1264 367 1292 401 Ρ.
1309 366 1340 401 Ι.

200 535 245 582 tna
266 523 459 600 philosophia?
483 523 579 579 Procul
603 523 688 596 igitnr
710 524 744 579 ab
767 523 819 580 hoc
841 524 908 579 ciiee
931 541 1033 580 sacram
1055 525 1119 580 auri
1148 526 1262 581 samem
1287 534 1318 581 et
1345 525 1425 582 huius
1443 524 1501 580 dhan
1546 542 1561 601 .'

198 609 374 667 execrabilem
392 609 553 671 Sinroniarn;
578 617 632 664 tum
653 608 772 664 insanam
795 609 949 664 dominandi
970 610 1174 683 cupiditatem,
1205 611 1399 684 prodigiosas
1412 611 1501 665 etdittn

199 712 308 769 quoquc
332 694 416 749 lesdas
439 693 580 754 libidines,
604 693 745 754 venalicia,
768 694 870 755 caedes,
895 694 1051 750 indomitam
1070 696 1163 750 animi
1188 696 1396 756 ferocitatem,
1419 700 1502 752 teterri-

199 798 267 836 uram
291 779 354 835 belli
378 778 450 833 sitim
475 795 506 833 ac
528 776 646 851 reliquas
670 778 694 832 id
721 795 808 850 genus
830 779 911 833 animi
935 788 1041 852 pestes,
1078 797 1145 835 curn
1179 781 1251 854 quis
1286 781 1364 836 haud
1393 798 1501 854 quequae

198 866 324 921 convenit
347 873 394 918 tuo
418 862 541 936 spiritui,
575 880 624 935 per
646 880 725 935 quem
755 863 901 919 mitescunt
930 881 960 919 ac
982 872 1117 936 pacantur
1144 865 1267 927 omnia,
1305 883 1343 922 ne
1375 875 1514 921 mansarum

104 1013 111 1021 ,
199 958 252 1006 tarn
276 948 424 1004 inauditnm
443 947 513 1002 leret
537 945 648 1002 ecclesia
672 955 731 1009 tna,
754 946 827 1002 velut
848 966 879 1002 ex
902 948 952 1003 deo
973 947 1077 1022 paritor
1099 967 1132 1004 ac
1156 949 1287 1006 diabolo
1313 950 1463 1009 condatum,
1481 959 1501 1004 ιι

201 1034 247 1107 qui
269 1033 311 1089 dei
337 1032 446 1100 terreni,
460 1048 612 1104 cognomen
635 1049 688 1087 non
712 1031 811 1087 invitus
831 1032 919 1093 audit,
942 1032 1008 1087 nihil
1033 1032 1123 1089 rrrinus
1146 1033 1260 1090 haheat
1285 1035 1316 1090 ιιι
1340 1036 1423 1091 corde
1442 1053 1502 1108 quau

144 1119 288 1174 hodennr.
333 1120 430 1171 tvans
452 1115 606 1171 scamlalum
630 1124 684 1171 tarn
707 1116 839 1190 pestilens
863 1132 878 1172 a
897 1116 1000 1191 populo
1022 1125 1083 1178 trro,
1107 1132 1161 1181 ne,
1192 1119 1222 1174 in
1246 1137 1313 1193 quo
1328 1118 1502 1195 pastoriscol

200 1211 257 1260 turn
278 1220 309 1259 ae
333 1201 428 1259 titulos
450 1209 618 1274 agnoscunt,
648 1209 675 1256 et
698 1219 778 1274 quern
801 1210 860 1257 tuas
883 1201 953 1257 vices
973 1203 1108 1259 sustinere
1127 1204 1281 1266 credunt,
1318 1205 1395 1260 hune
1418 1205 1504 1259 videant

199 1287 310 1343 avaritia
332 1285 399 1342 nihil
418 1285 527 1341 dillcrre
556 1303 571 1340 a
598 1286 823 1348 faeneratoribus
859 1285 969 1342 libidine
992 1303 1044 1341 non
1067 1287 1168 1343 cedere
1191 1289 1405 1362 nequissimis,
1436 1290 1522 1344 donin

199 1373 279 1427 nandi
305 1370 453 1445 cupiditate
478 1369 543 1424 nibil
567 1369 661 1426 abesse
684 1388 699 1425 a
726 1371 862 1444 tyrannis,
896 1370 1008 1443 perlidia
1032 1388 1116 1426 neca
1147 1371 1315 1429 lenonibus
1341 1375 1425 1437 rinei,
1456 1373 1510 1428 rete

199 1457 281 1529 gione
308 1455 392 1511 nihilo
415 1460 547 1529 praestare
571 1454 679 1516 Turris,
708 1455 868 1510 crudelitate
893 1472 907 1510 a
930 1454 1129 1511 barbarissimis
1159 1457 1350 1532 discrepare.
1399 1459 1503 1526 Quodn

200 1541 264 1597 vitia
287 1540 345 1596 tolli
366 1556 420 1594 non
435 1547 565 1613 possunt,
589 1538 684 1594 saltem
700 1539 861 1596 oblivionem
882 1539 995 1595 immitte
1014 1548 1122 1596 tuorum
1138 1541 1266 1604 animis,
1295 1561 1334 1600 ne
1352 1543 1503 1599 benedictis

201 1643 249 1681 nes
269 1625 341 1680 illins
362 1632 536 1686 aversentur,
560 1624 582 1679 si
604 1625 676 1680 torte
700 1626 862 1680 inurentem
883 1624 986 1680 venerit
1004 1631 1083 1698 qnam
1105 1626 1283 1682 detestanda
1308 1645 1448 1702 quamque
1461 1645 1503 1682 nor

200 1710 312 1766 dicenda
335 1709 459 1765 manibus
482 1707 536 1764 illis
559 1716 664 1782 patret;
690 1726 724 1764 ne
746 1709 967 1765 consecrationes
998 1708 1070 1764 illins
1098 1708 1255 1773 vilescant,
1292 1714 1319 1768 si
1346 1715 1434 1769 totins
1454 1714 1523 1766 siren

145 1794 360 1869 §.tspnrcitiem
382 1793 514 1867 cogitent.
560 1793 755 1866 benignissime
778 1794 851 1857 lesu,
875 1795 922 1867 qni
943 1811 1004 1850 vere
1023 1793 1068 1848 lux
1090 1812 1119 1850 cs
1142 1796 1260 1858 mnndi,
1288 1797 1406 1854 illustra
1424 1806 1504 1872 pectus

201 1878 399 1951 illiuslnrnine
422 1877 499 1939 lrdei,
532 1886 562 1933 ιιι
584 1878 636 1933 iam
664 1896 718 1934 non
742 1878 775 1934 ab
804 1877 990 1935 adulatoribus
1013 1879 1280 1952 perniciosissimis,
1321 1883 1372 1956 qui
1401 1883 1505 1956 pessima

199 1963 322 2021 molienti
345 1964 438 2020 dicunt
470 1972 547 2035 ‘euge
569 1963 654 2036 errge',
683 1964 729 2019 sed
753 1965 785 2019 de
808 1972 835 2018 te
858 1964 903 2036 qni
929 1964 1028 2019 veritas
1052 1981 1095 2026 cs.
1118 1964 1258 2037 pendeat;
1296 1984 1353 2023 nce
1376 1985 1391 2022 a
1412 1967 1504 2025 lndais

198 2048 343 2111 chaldeis,
364 2047 517 2121 sortilegis,
543 2048 589 2103 sed
612 2066 626 2103 a
643 2049 697 2103 tuis
713 2049 797 2104 sacris
812 2048 900 2104 literis
916 2047 1029 2104 salutem
1046 2056 1072 2103 ct
1088 2048 1200 2104 oracula
1217 2059 1304 2124 petat
1328 2060 1418 2126 atque
1437 2068 1506 2125 expe

198 2141 270 2196 ctet;
285 2134 358 2188 Petri
374 2132 517 2206 Paulique,
540 2150 655 2204 quornm
670 2133 824 2189 cathedram
841 2140 934 2189 tenere
950 2133 1068 2195 ridetur,
1090 2132 1197 2189 evolvat
1215 2135 1373 2208 epistolas,
1397 2137 1447 2192 has
1464 2138 1527 2191 tes

199 2217 287 2278 hibat,
308 2217 418 2272 illorum
433 2217 560 2289 spiritum
576 2215 651 2272 illine
665 2217 785 2279 hauriat,
801 2225 832 2272 ut
848 2233 917 2291 quos
933 2234 1040 2291 semper
1055 2217 1182 2291 exprimit
1199 2217 1343 2292 plumbo,
1368 2222 1456 2295 magis
1470 2237 1505 2275 er·

199 2301 300 2376 primat
315 2301 382 2363 vita;
398 2309 425 2356 et
441 2300 539 2374 quibos
554 2302 656 2375 aequari
672 2319 702 2358 ac
718 2302 798 2357 etiam
814 2302 942 2376 anteponi
959 2302 1080 2376 postulat
1095 2302 1242 2375 dignitate,
1261 2305 1319 2361 bas
1338 2309 1404 2362 vitae
1417 2306 1506 2362 saneti·

143 2389 187 2439 §.s
200 2386 290 2441 monia
308 2403 362 2441 non
378 2382 617 2458 gravetur'saltem
634 2387 720 2460 sequi.
757 2386 845 2448 Tolle,
863 2385 945 2448 tolle,
962 2387 1033 2449 lesu,
1050 2387 1218 2461 protundum
1237 2390 1332 2447 animi
1350 2391 1506 2465 letbargum

200 2469 265 2526 tolle
280 2470 475 2527 crassissimam
491 2471 613 2544 pectoris
627 2480 747 2534 noctem,
772 2480 803 2527 ιιι
824 2471 912 2527 videat
935 2478 1009 2527 tumn
1029 2472 1171 2545 imperium
1191 2472 1228 2528 ab
1245 2473 1338 2531 huius
1356 2476 1506 2532 mundiale

198 2555 300 2612 minata
316 2554 474 2650 longissime
495 2553 642 2617 dissidere
666 2563 739 2611 tnarn
755 2556 914 2630 sapientiam
930 2573 943 2611 a
960 2556 1050 2612 mundi
1066 2556 1146 2612 huius
1162 2557 1307 2630 sapientia
1326 2577 1362 2616 ex
1378 2561 1530 2617 cliametroa

197 2639 313 2702 distare,
337 2641 364 2696 ιιι
385 2658 488 2696 summa
510 2639 577 2695 nibil
601 2641 746 2696 convenire
767 2640 820 2697 luci
845 2656 905 2696 eum
933 2641 1067 2697 tenebris.
1095 2641 1183 2697 rideat
1216 2645 1403 2738 pontificiam
1425 2646 1507 2718 digai·

198 2733 281 2781 tatem
307 2743 362 2781 non
389 2726 416 2781 in
443 2724 644 2781 accumulandis
672 2742 762 2798 por
744 2727 785 2780 fas
808 2709 937 2799 notrisque
960 2725 1072 2799 opibus,
1098 2742 1152 2781 non
1174 2727 1201 2781 ιιι
1224 2729 1395 2786 vanissimis
1416 2729 1507 2785 titulis

198 2826 253 2866 non
277 2811 304 2865 in
328 2810 400 2866 lastu
422 2798 595 2884 strepiluque
617 2811 765 2872 mundano,
791 2828 845 2866 non
865 2811 891 2864 ιιι
918 2811 1055 2885 tyrannica
1077 2819 1216 2883 potestate
1241 2812 1331 2870 sitam
1353 2832 1433 2875 esse,
1453 2831 1508 2888 qna

199 2903 228 2950 ιιι
251 2912 359 2970 semper
378 2914 407 2951 cs
426 2903 602 2970 aspernatum
625 2894 672 2950 sed
695 2895 732 2950 ito
754 2894 860 2952 demum
884 2895 1080 2991 amplissimum
1101 2912 1161 2951 esse
1182 2896 1370 2970 pontificem,
1402 2901 1427 2955 si
1450 2900 1507 2954 rita

197 2980 374 3036 sanctimonia
395 2981 431 3036 sit
453 2979 622 3054 principibus
646 2996 754 3053 quoque
777 2981 953 3043 reverendus,
980 2980 1002 3036 si
1024 2980 1084 3035 vivo
1105 2979 1148 3035 dei
1173 2979 1259 3036 verbo
1283 2993 1456 3057 grassetur,
1485 2986 1532 3038 ιιιι

197 3071 246 3119 tuo
270 3065 368 3139 spiritu
391 3065 428 3120 ιιι
447 3064 576 3125 invictus,
604 3064 626 3119 si
651 3080 787 3120 sacrarum
810 3064 950 3121 literarum
974 3065 1085 3121 seientia
1108 3065 1196 3126 dives,
1231 3066 1256 3120 si
1278 3076 1431 3124 castarum
1452 3084 1509 3125 ora·

200 3147 305 3204 tionum
325 3149 452 3223 praesidio
473 3157 563 3210 tutus,
589 3148 612 3203 si
632 3149 693 3204 vitae
715 3150 874 3224 contemptu
897 3167 1006 3223 semper
1027 3149 1191 3224 intrepidus,
1221 3150 1246 3205 si
1274 3154 1376 3209 erucis
1399 3153 1508 3210 aemnla-

200 3232 275 3289 tione
294 3233 343 3289 tihi
365 3234 519 3309 proximus,
547 3241 577 3288 ut
599 3234 636 3289 ita
657 3235 774 3308 deniqne
795 3252 917 3291 sonamus
940 3235 1063 3308 pentilus
1084 3232 1214 3309 appellari
1236 3230 1404 3308 glorietur,
1429 3239 1454 3294 si
1470 3239 1507 3293 toi

144 3316 356 3374 §.a-simttttmus
379 3336 439 3375 esse
462 3319 582 3380 studeat,
606 3318 651 3392 qni
674 3335 811 3393 nunquam
835 3334 894 3393 qnae
916 3328 963 3375 tua
986 3327 1052 3374 sunt
1073 3318 1230 3392 quaesivisti.
1276 3321 1376 3395 Atque
1403 3322 1449 3379 his
1467 3340 1508 3377 ar·

197 3402 248 3459 mis
269 3420 331 3458 vere
352 3404 510 3478 apostolicis
536 3403 685 3459 instructus
715 3404 768 3459 tuis
797 3404 924 3477 auspiciis
946 3421 1024 3459 veros
1052 3403 1173 3460 eeclesiae
1202 3403 1299 3459 hostes
1334 3407 1456 3463 fortiter
1477 3420 1534 3462 een

196 3485 314 3543 lcliciter
331 3488 472 3563 prodiget,
496 3488 645 3549 avaritiam,
667 3486 821 3553 libidinem,
845 3487 1022 3567 iracundiam,
1044 3488 1232 3562 pertinaciam,
1257 3488 1449 3547 ambitionem
1465 3508 1506 3548 re·

195 3568 323 3647 liqnaqne
345 3572 421 3634 vitia,
445 3590 505 3648 qun
528 3571 579 3627 iarn
603 3573 641 3629 sic
659 3581 826 3647 occuparant
848 3573 951 3636 omnia,
975 3582 1005 3629 ut
1023 3573 1188 3629 llhomanam
1207 3589 1321 3646 quoqne
1344 3577 1458 3637 sedem.
1481 3576 1505 3631 id

196 3666 238 3712 est
265 3674 353 3714 arcem
381 3656 516 3719 ccclesiae,
544 3658 582 3713 sic
607 3656 689 3731 impie
713 3657 915 3731 crudeliterque
946 3657 1125 3732 populentur,
1157 3665 1187 3714 ut
1218 3674 1360 3731 nusquam
1388 3661 1505 3716 Satanas

195 3750 293 3817 regnet
311 3742 488 3804 insolentius,
511 3758 560 3797 nec
582 3759 696 3815 nsquam
715 3742 803 3797 minus
827 3742 863 3816 sit
886 3741 962 3799 locus
985 3742 1096 3816 pietati,
1125 3758 1206 3816 quarn
1226 3741 1274 3796 nbi
1297 3743 1420 3815 pietatis
1443 3746 1504 3801 lorr-

196 3835 250 3882 tem
273 3844 333 3883 csse
357 3826 462 3889 decuit;
485 3844 545 3882 cunr
568 3827 610 3882 his
632 3827 771 3889 hostibus,
793 3845 853 3882 cunr
873 3827 915 3882 lris
935 3827 1028 3883 'lnrcis
1047 3825 1260 3898 belligerandum
1286 3829 1429 3899 pontillei,
1454 3830 1533 3886 sedn

195 3911 277 3968 armis
297 3910 493 3986 spiritualibus.
534 3911 631 3967 horum
653 3929 719 3985 opes
743 3920 872 3985 quantum
896 3911 1045 3973 attriverit,
1068 3918 1172 3967 motum
1193 3912 1301 3966 auxerit
1321 3929 1397 3987 opes
1415 3913 1503 3970 eeele

195 3995 252 4051 sire.
291 3996 358 4052 sciat
386 3997 423 4052 ita
450 4013 507 4052 renr
529 3995 708 4052 Christianam
740 3996 899 4070 propagari,
928 4013 981 4052 non
1011 3995 1034 4050 si
1066 3995 1288 4068 flagitiosissimis
1316 3997 1434 4055 aeliutus
1456 4016 1502 4055 eo·

194 4081 248 4155 piis
280 4098 376 4155 magna
404 4080 548 4137 Christiani
582 4080 723 4154 sanguinis
755 4082 870 4142 iactura,
906 4098 1009 4138 smnrna
1040 4079 1199 4136 Christianae
1228 4080 1306 4153 pacis
1337 4084 1502 4140 turbatione

135 4183 144 4200 ⁴
194 4163 348 4239 plusculum
373 4165 534 4240 oppidorum
557 4165 699 4238 tyrannide
723 4174 828 4239 premat
853 4165 1007 4221 llhomanus
1032 4165 1167 4238 pontiler,
1200 4165 1246 4220 sed
1270 4165 1294 4220 si
1318 4163 1379 4223 late
1402 4177 1502 4241 regnet

196 4248 224 4304 in
241 4250 337 4305 animis
348 4250 495 4319 ‚hominum
516 4249 629 4323 spiritus
646 4259 723 4312 tous,
747 4250 793 4324 qui
808 4250 889 4306 docet
905 4258 1013 4306 terrena
1028 4249 1100 4311 haee,
1125 4265 1175 4323 pro
1191 4249 1292 4323 quibus
1308 4251 1419 4310 ethnici
1435 4253 1498 4310 enei
1513 4270 1531 4306 n

126 4337 145 4386 l.
156 4340 186 4384 ¹⁰.
195 4332 391 4406 digladiantur,
415 4351 465 4408 pro
487 4334 572 4389 nihilo
591 4335 698 4391 ducere.
741 4334 841 4391 Saltem
862 4334 904 4390 his
927 4334 1005 4390 rnalis
1026 4351 1087 4408 qnae
1105 4331 1186 4396 vidit,
1210 4333 1313 4396 sensit,
1333 4335 1440 4394 doctus
1457 4355 1500 4394 re.-

131 4427 135 4436 ’
196 4417 320 4491 sipiscat,
343 4427 371 4475 et
393 4417 528 4491 intelligat
550 4437 630 4492 quarn
645 4436 700 4476 non
718 4421 753 4475 sit
772 4436 787 4475 e
807 4437 836 4475 rc
853 4419 1011 4493 pontificum
1032 4417 1180 4475 secularem
1198 4417 1400 4478 administrare
1419 4424 1500 4479 ditio·

208 4650 213 4657 ,
263 4598 282 4631 '⁹
301 4600 464 4671 Caldanisd.
505 4598 524 4631 ²¹
544 4598 691 4666 plumbol'
684 4619 702 4649 r
717 4617 740 4651 e.
754 4600 1013 4667 bullarumsigillis
1049 4598 1105 4633 ²²·
1091 4599 1307 4650 cumulandus
1347 4601 1371 4634 ²·
1391 4606 1501 4656 vitas,

191 4679 214 4714 ⁸⁴
233 4684 369 4746 quaesivit
389 4689 412 4736 6.
465 4683 486 4715 ⁸⁷
504 4685 581 4734 Rom.
601 4688 624 4733 6.
643 4684 741 4749 ubique.
