3330 5408
175 407 293 443 naanout
314 408 419 444 ΙΙΡΤΣΙ
438 409 555 444 ΡΕΒΤΗἘ
574 409 699 445 Clitum.
721 392 763 461 [3.]
783 410 912 445 atratum
931 411 965 445 ΕΤ
984 410 1215 446 avreasrtrtottts
1234 409 1334 445 PVGNA.
1388 379 1460 450 569

236 567 362 623 Pietas.
400 568 497 629 Video,
527 569 612 631 uideo,
634 587 683 625 eur
705 569 756 624 bos
785 568 874 630 malis,
904 586 984 642 quam
1015 570 1059 641 qui
1087 585 1200 642 spacere
1227 568 1461 642 philosophantur,

173 667 272 725 nempe
295 660 325 707 ut
346 655 427 726 augis
449 655 502 709 tais
526 655 743 727 patrocinentur,
768 672 823 728 qao
844 653 957 710 liberius
981 654 1105 728 imponas
1127 652 1216 727 plaebi.

239 736 471 811 Superstitio.
508 738 563 794 lloc
585 739 706 797 notasti?

239 822 362 878 Pietas.
399 822 430 878 Ni
452 841 495 879 me
517 824 672 880 coniectura
694 823 787 880 sallat?
809 825 857 881 scd
879 841 929 896 age
952 841 1016 880 aum
1039 824 1132 880 etalii
1156 832 1219 879 suat
1235 823 1262 879 ia
1278 822 1377 897 quibus
1392 821 1530 887 ddis,l·¹⁰·

140 922 153 959 s
174 905 198 960 si
221 906 333 980 quidem
355 909 503 980 contigerit
526 908 589 965 illos
612 910 717 965 taudem
748 909 888 982 resipere?
911 918 954 965 est
976 917 1064 964 autem
1088 910 1114 964 ia
1136 917 1279 982 prompta:
1304 907 1375 965 bona
1389 909 1461 966 eninr

173 989 285 1048 illorum
308 1011 371 1066 pars
394 994 486 1048 videas
508 1011 537 1049 se
557 992 678 1050 delusam
703 993 735 1051 iis
758 994 834 1051 tricis
858 994 986 1051 areliores
1009 993 1102 1055 literas
1124 1002 1253 1050 sectatur.

239 1076 472 1151 Superstitio.
508 1077 579 1135 Nihil
606 1077 698 1135 obest:
728 1079 920 1136 terrenitatum
950 1079 1056 1135 turbam
1084 1078 1180 1135 ferreis
1202 1079 1324 1135 cathenis
1348 1080 1462 1137 vinctam

173 1160 268 1223 urbo,
291 1163 355 1218 milri
380 1162 576 1219 iuratissimam.

238 1247 367 1303 Pietas.
404 1246 473 1316 Quid
495 1249 519 1304 si
541 1257 569 1305 et
591 1249 630 1304 illi
654 1250 761 1323 sapiant
783 1248 884 1306 seruet?
962 1322 965 1327 .
1496 1323 1497 1326 Ἴ

140 1347 166 1388 ts
240 1331 469 1407 Superstitio.
505 1334 590 1390 Citius
612 1333 710 1391 eaelma
734 1343 809 1391 ruet:
833 1334 869 1389 ita
892 1333 963 1390 enirn
986 1352 1015 1390 se
1037 1334 1288 1391 constitutiuuculis
1311 1335 1367 1390 sais
1381 1335 1461 1391 devo·

175 1426 287 1481 reram,
310 1425 341 1473 ut
362 1436 498 1492 nunquam
521 1437 550 1474 se
572 1412 652 1476 liceat
673 1419 807 1475 extricari.

238 1502 363 1559 Pietas.
400 1502 450 1571 Qui
473 1521 536 1560 aero
559 1522 590 1560 ex
613 1505 646 1560 iis
668 1505 835 1561 cordatiores
858 1513 934 1566 suut,
958 1505 1119 1578 sapientae
1141 1503 1303 1578 aliquando?
1471 1504 1530 1555 tu,

240 1588 467 1662 Superstitio.
504 1589 532 1644 ld
559 1590 672 1646 mammo
700 1599 866 1664 praecautum
895 1608 956 1645 mea
987 1589 1131 1651 lienelicio,
1163 1598 1193 1645 at
1216 1589 1321 1662 siquem
1344 1589 1460 1647 uiderint

174 1671 340 1744 aspirantem
363 1674 395 1728 ad
419 1673 571 1730 libertatem
594 1674 786 1735 Cltristiaaam,
810 1674 872 1730 ilico
894 1674 1037 1734 daameat,
1061 1673 1213 1735 excalceat,
1239 1674 1395 1731 obscurent.

139 1773 163 1812 aa
238 1757 367 1814 Pietas.
404 1758 467 1814 ilem
491 1759 657 1833 aeplreadam
680 1759 735 1815 ais:
759 1758 898 1832 oportebit
921 1759 1013 1832 pretias
1036 1768 1162 1815 excutere
1184 1760 1236 1815 laoe
1259 1760 1360 1832 iugata.

239 1842 469 1916 Superstitio.
507 1844 541 1900 lle
565 1845 616 1900 boe
638 1845 711 1900 voire
734 1844 876 1900 admodum
898 1843 1085 1906 dissimulant,
1109 1861 1142 1901 ae
1157 1842 1197 1899 vel
1213 1843 1312 1901 malma
1328 1844 1380 1901 sibi
1396 1863 1461 1901 cna·

172 1927 290 1982 sciscant
313 1946 448 1984 rumorem
471 1937 516 1984 aut
541 1929 731 1986 olleudieulum
754 1938 856 2003 ponant
879 1928 1007 1993 iufirmis;
1031 1929 1058 1985 in
1074 1929 1179 2002 privato
1196 1938 1285 1985 taaaca
1301 1947 1350 1987 sua
1364 1929 1460 1985 lutari·

172 2019 220 2066 tur
243 2009 401 2071 libertate'
1102 2054 1107 2065 .
1219 2010 1221 2015 ’

237 2097 365 2153 Pietas.
402 2098 459 2154 lloc
481 2099 602 2156 maximas
625 2099 736 2172 pietatis
758 2107 785 2154 et
807 2099 972 2172 prudentiae.
1001 2107 1032 2155 ut
1055 2116 1138 2173 qaum
1160 2099 1222 2174 quis
1244 2098 1314 2155 liber
1335 2099 1386 2161 sit,
1409 2109 1528 2159 notae

136 2181 209 2239 ralit
232 2191 320 2238 tataeu
343 2183 411 2239 ltauc
433 2183 585 2239 libertatem
608 2185 713 2239 ruinam
736 2201 795 2240 esse
819 2183 933 2257 pusillis.
1028 2196 1032 2202 ’
1556 2190 1560 2197 ’

192 2298 198 2310 ·
237 2267 468 2340 Superstitio.
507 2268 556 2324 Sed
580 2277 608 2324 et
629 2269 724 2325 crebra
746 2268 791 2325 illa
808 2268 1002 2330 illectameuta,
1026 2268 1217 2331 salutationes,
1240 2268 1356 2332 deliciae,
1379 2269 1461 2325 liber·

171 2360 256 2415 tates,
280 2348 399 2427 cupediae
423 2352 515 2409 multis
538 2362 601 2408 suat
623 2371 677 2409 aaa
700 2354 802 2410 laodice
826 2354 946 2416 occasio,
969 2371 1003 2410 uc
1026 2354 1105 2411 facile
1125 2353 1297 2427 acquiescant
1319 2354 1392 2411 sanis
1412 2355 1462 2410 alo·

169 2437 278 2493 etriuis.

236 2521 362 2578 Pietas.
401 2523 476 2598 impii
507 2533 571 2579 suat
600 2524 697 2597 igitur,
727 2524 813 2585 lares,
844 2523 976 2585 latrones,
1006 2525 1095 2597 porei,
1126 2523 1296 2581 Plaalarides:
1326 2533 1460 2599 perpetuu

136 2606 231 2663 ansuis
255 2616 434 2681 torqueantur
456 2608 632 2671 ceremoniis:
655 2626 742 2683 aequae
765 2627 817 2682 ego
840 2627 959 2682 utiquam
980 2609 1035 2665 illis
1057 2610 1148 2666 adero.

236 2693 471 2766 Superstitio.
508 2693 536 2750 ld
558 2693 705 2755 cnralauat.
729 2693 799 2767 prob
821 2693 941 2757 Christe,
965 2693 1077 2751 scilieet.

236 2777 360 2834 Pietas.
392 2778 487 2834 iliram
510 2796 560 2834 eur
581 2779 617 2834 ita
639 2779 813 2835 fascinaveris
834 2779 988 2836 mortalium
1011 2797 1107 2852 genus.
1470 2780 1528 2828 §.aa

237 2861 468 2936 Superstitio.
505 2863 601 2919 llirmu
623 2864 715 2937 potius
738 2882 787 2920 cur
809 2864 957 2921 stultorma
980 2863 1101 2921 infinitus
1121 2872 1164 2920 est
1192 2881 1329 2923 nanterus.
1374 2882 1460 2939 aeque

171 2948 224 3003 boc
247 2965 343 3002 auvam
374 2956 415 3002 est
447 2949 519 3021 qrtod
548 2966 617 3021 ago,
646 2966 733 3023 aeque
761 2950 831 3024 apud
859 2967 928 3005 tritos
960 2958 1063 3005 tautam
1084 2940 1236 3007 Germanos
1262 2967 1319 3005 men
1347 2967 1461 3007 exerceo

133 3031 319 3091 aoleuociaia,
344 3033 390 3088 sed
413 3032 446 3088 ab
469 3033 529 3106 ipso
552 3034 644 3089 umudi
667 3034 816 3107 primordio
840 3035 970 3091 maximos
992 3052 1072 3109 reges
1095 3042 1123 3091 et
1146 3035 1296 3109 principes,
1326 3035 1460 3097 rtatioaes,

170 3116 325 3191 provincias
349 3136 407 3174 meo
431 3116 537 3174 subdidi
561 3119 687 3192 imperio,
719 3128 862 3193 autequam
891 3137 1007 3193 uaqraam
1039 3127 1100 3175 tuas
1123 3118 1169 3174 ille
1192 3119 1315 3175 Christus
1337 3137 1460 3175 nascere·

171 3211 230 3257 tur:
259 3203 395 3257 enimuero
424 3203 446 3258 si
471 3203 518 3258 tibi
542 3222 694 3259 recenseam
725 3205 789 3276 qtrid
821 3204 858 3258 illi
890 3204 1004 3260 iecerint
1027 3205 1053 3259 iu
1078 3204 1176 3267 sacris,
1207 3204 1232 3258 ia
1256 3204 1334 3260 lestis
1355 3203 1459 3267 diebus,

171 3287 199 3342 ia
223 3287 351 3343 arleuadis
376 3287 582 3361 salutandistpue
604 3288 655 3343 diis
678 3289 750 3350 suis,
775 3288 863 3345 omnia
886 3290 1081 3363 propemodum
1104 3307 1162 3344 mea
1185 3298 1257 3344 suut.

215 3356 361 3427 'Pietas
399 3372 505 3428 Lubous
524 3374 574 3429 lane
591 3373 735 3434 audierim,
758 3374 840 3429 modu
860 3374 997 3446 egregiam
1015 3373 1088 3428 illam
1104 3373 1281 3446 imposturam
1305 3391 1458 3447 agnoscam.
1471 3373 1531 3421 §.ta

133 3471 161 3512 aa
237 3456 477 3530 Superstitio·
507 3457 598 3531 Ncqtae
621 3457 687 3513 mibi
709 3475 790 3530 grate
812 3458 865 3513 erit
888 3475 1030 3514 recensere
1054 3456 1161 3513 illorum
1183 3457 1345 3520 stultitiam,
1375 3458 1460 3532 siqui-

168 3542 231 3598 dem
253 3550 300 3597 ant
322 3543 354 3598 ad
377 3541 466 3598 fureas
489 3560 530 3598 me
552 3543 739 3604 damnassent,
768 3551 816 3597 aut
836 3549 910 3598 certe
935 3541 1094 3604 Vulcanum,
1124 3542 1147 3598 si
1178 3543 1386 3617 perpendissent
1415 3561 1460 3600 ae·

168 3627 242 3701 gocii
265 3627 316 3683 mei
340 3635 397 3682 tum
419 3627 614 3683 absurditatem
637 3635 693 3683 tuat
716 3627 869 3683 aureatiam.

232 3711 364 3769 Pietas.
401 3712 581 3775 Crediderim,
611 3711 685 3769 velut
713 3713 818 3769 bostem
847 3712 976 3775 deorum,
1004 3721 1086 3786 atquae
1115 3711 1266 3775 infelicem,
1294 3722 1322 3769 et
1349 3712 1459 3786 genium

169 3796 269 3852 naalma
294 3796 360 3852 ariole
384 3797 567 3854 mulctassent.

134 3897 162 3936 aa
236 3882 473 3955 Superstitio.
510 3886 550 3937 Aa
573 3899 627 3938 arm
650 3899 706 3938 rem
729 3883 857 3956 grandem
881 3882 929 3938 tibi
952 3882 1044 3938 videor
1066 3899 1126 3939 esse
1149 3881 1255 3944 molita,
1280 3883 1351 3957 qtaod
1375 3885 1528 3957 nequeatt.

170 3965 240 4021 adeo
262 3967 368 4021 irriseris
390 3961 556 4028 deluserim,¹
575 3968 646 4040 quod
670 3968 776 4023 lliauarn
800 3967 827 4023 iu
843 3967 981 4023 montibus
997 3967 1125 4024 alternare
1141 3968 1324 4030 soraauiabuat,
1349 3968 1458 4024 seruandi

169 4050 262 4106 studio
284 4060 312 4106 et
334 4069 429 4107 caratam
451 4069 543 4106 aurore
565 4051 700 4108 deditam?
728 4052 823 4108 deimle
845 4053 912 4108 adeo
935 4052 986 4108 sibi
1009 4052 1109 4127 impoui
1133 4053 1205 4126 passi
1235 4062 1312 4117 sarit,
1343 4062 1374 4109 ut
1394 4053 1460 4109 deos

168 4135 300 4193 carnibus
323 4137 392 4192 vesci
414 4137 557 4193 crederent
579 4145 661 4209 atque
684 4136 737 4191 illis
760 4137 934 4194 becatmubas
957 4138 1092 4201 lacerent,
1121 4146 1149 4193 ct
1177 4147 1304 4211 taaqtram
1326 4147 1459 4195 urercato·

169 4237 214 4276 res
238 4220 293 4275 siut
315 4220 367 4281 ltii,
392 4221 514 4294 quautam
539 4222 630 4283 tbme,
655 4222 778 4293 uaedam
800 4222 882 4278 etiam
904 4241 971 4279 auro
992 4231 1021 4278 et
1042 4222 1132 4278 aruntis
1152 4223 1186 4278 ab
1201 4223 1267 4297 ipsis
1283 4223 1460 4286 retorserint:

133 4321 262 4363 anonae
287 4306 398 4361 nausiam
422 4306 582 4380 superstitio
605 4307 715 4361 credere
731 4309 878 4362 Saturruuu
901 4307 1002 4363 Culum
1025 4317 1130 4383 patrem
1153 4326 1232 4364 suum
1255 4308 1407 4371 execuisse,
1431 4317 1460 4362 ut

167 4390 228 4465 ipse
252 4390 277 4445 ia
302 4409 334 4445 eu
359 4401 499 4464 stagnaret,
522 4391 619 4446 ‹leinde
641 4391 744 4448 liberos
767 4409 833 4448 satas
854 4392 1011 4455 devorasse,
1035 4392 1105 4449 sieut
1128 4393 1220 4449 seruat
1243 4393 1339 4449 iecisse
1361 4401 1390 4448 et
1411 4395 1459 4448 Ar·

167 4477 260 4550 girum
284 4475 359 4531 illum
383 4477 544 4550 Thyestem?
568 4486 700 4551 praeterea
724 4477 797 4550 tpuod
820 4477 921 4552 iupiter
943 4477 1036 4532 furtim
1060 4476 1212 4534 occultatus
1235 4496 1248 4532 a
1272 4478 1343 4534 llbea
1366 4486 1528 4536 saturabtt.

236 4740 260 4774 ³⁰
278 4742 418 4808 lenocinia
438 4748 461 4793 1.
514 4744 536 4775 ⁴⁵
556 4745 657 4796 Caelum
679 4749 704 4795 3.
761 4741 784 4777 ⁴⁷
801 4744 943 4795 Tbicstem
963 4749 985 4794 1.
