3276 5414
194 306 266 377 552
632 329 749 364 Dlthtll
769 328 1057 364 rsevvottvmtttcr.

193 493 257 550 ilum
281 492 355 547 iores
377 489 450 563 quusl
473 489 500 544 in
524 487 670 562 sepulchro
691 485 829 543 cranium:
851 486 918 543 tileo
941 494 1083 560 tanquam
1109 502 1220 543 emnas
1245 495 1307 543 tute
1329 488 1375 543 tihi
1393 489 1474 548 nin

126 578 328 635 §.ttl'hassum
352 574 487 647 quenulam
511 572 654 629 advocasti.
741 570 1026 627 heliusPareho.
1128 571 1365 646 Desperatio.
1393 573 1476 649 Sisq'u
1517 626 1522 631 .

195 661 330 718 lieltius.
354 659 410 714 Nisi
427 667 454 714 tu
472 674 641 730 corrumpas.
707 655 927 729 Desperatio.
950 654 1019 722 Quae
1038 662 1070 711 te
1088 655 1167 712 illuc
1185 657 1321 730 promovi
1337 658 1403 719 loto,
1421 669 1477 717 usa

195 756 250 802 tam
265 745 359 816 iliguo,
383 760 464 815 qumi
488 751 517 797 tu
540 741 580 797 vel
604 741 670 816 ipsis
686 739 826 797 Philoxeni
841 738 962 796 latumiis
977 739 1183 813 dignissimus
1210 758 1254 796 es.
1323 742 1437 799 Echini.
1452 747 1479 800 ‚P

197 832 251 887 huc
275 828 410 884 traducis?
476 826 692 903 Desperatio.
715 825 829 882 Latinus
850 842 881 880 es
904 842 957 881 non
974 825 1045 881 adeo
1063 843 1183 899 purus.
1211 826 1264 898 qui
1279 825 1379 881 ‹loheas
1392 829 1414 882 in
1425 829 1488 885 tuam

128 913 352 971 §.tn-transierit
418 911 554 968 Eclius.
577 911 634 966 lluc
657 928 709 982 ego
731 927 787 967 non
808 908 892 966 volui.
957 909 1201 984 Desperatio.
1231 909 1292 982 Ego
1316 911 1481 970 ismaheli

198 1000 289 1055 seilein
312 1014 367 1052 non
391 1005 478 1057 muta.
502 996 553 1051 nisi
578 995 643 1051 velis
658 995 739 1051 vitain
755 1013 816 1052 curn
831 1002 920 1051 morte
935 1002 1123 1052 commutare.
1204 994 1351 1051 Echino
1374 996 1440 1052 Solus
1454 1002 1482 1053 ht

198 1083 301 1156 absque
324 1099 383 1137 mea
404 1080 519 1143 Eclillu.
547 1079 701 1136 delitiarum
732 1081 869 1136 examine?
954 1080 1195 1153 Desperatio.
1229 1080 1267 1136 Ut
1290 1081 1379 1137 silhuc
1399 1085 1484 1138 nunt·

129 1173 189 1223 tm.
201 1168 328 1224 somnias.
394 1165 531 1222 Pelius.
555 1165 614 1220 Non
638 1165 779 1226 uiumhuu,
803 1163 1049 1220 atmumlissimam
1068 1182 1167 1220 meam
1187 1164 1340 1221 Eekillam.
1402 1166 1486 1240 ltesp·

198 1252 304 1308 ratio.
327 1251 492 1325 Desydcrarc
513 1259 607 1329 potes.
630 1249 730 1305 liuhere
752 1267 807 1305 uon
829 1259 917 1322 putes.
941 1265 1035 1322 quaeso
1062 1249 1160 1322 igitur
1189 1260 1219 1306 te
1237 1268 1294 1323 per
1310 1250 1500 1307 lltiehstratirw

197 1334 350 1397 cucullum,
379 1336 434 1390 sive
463 1335 544 1391 etiam
573 1353 621 1408 per
643 1335 776 1390 llurrnari
800 1350 924 1395 anseres,
952 1351 1022 1390 cruc
1051 1335 1173 1390 tanilein
1207 1335 1290 1392 huuc
1315 1335 1436 1393 &kinnu
1457 1356 1490 1391 αι

200 1438 286 1482 ιιιιιιιι,
316 1421 363 1493 (pu
387 1429 414 1474 et
437 1418 551 1475 Echinus
574 1428 661 1475 vestes
684 1419 798 1474 enuisti:
830 1418 975 1474 Monachus
1003 1435 1033 1473 cs
1058 1419 1132 1480 inm,
1170 1420 1238 1476 vive
1264 1422 1335 1477 item
1360 1423 1487 1477 monachus

200 1504 338 1561 Pelius.
369 1502 432 1559 Vivo
461 1504 583 1576 quiitem.
612 1513 640 1560 at
669 1521 723 1560 non
753 1512 806 1560 tum
829 1502 946 1559 libentur
968 1520 1047 1576 quam
1074 1504 1180 1559 forsan
1209 1505 1318 1562 ileheo.
1404 1506 1493 1580 Despe-

200 1589 299 1645 ratio.
322 1589 501 1661 unocunque
525 1597 550 1644 te
574 1598 676 1650 telius.
699 1606 806 1645 nassum
829 1589 912 1650 hanc,
935 1605 1015 1662 quatu
1031 1587 1122 1644 semel
1140 1588 1305 1662 ingressus
1322 1609 1368 1652 es,
1390 1610 1494 1664 nunq-

132 1676 190 1727 §.ro
201 1673 295 1730 exibis.
381 1672 514 1729 Echius.
538 1672 762 1747 Quandoquidem
784 1691 828 1729 res
851 1674 887 1728 itn
910 1690 939 1729 se
961 1671 1054 1734 hahet.
1080 1672 1152 1728 honi
1180 1675 1329 1739 consulo:
1353 1685 1383 1732 at
1404 1678 1509 1732 luterni

202 1757 310 1814 interim
334 1775 425 1820 inore,
453 1774 514 1813 cum
544 1759 602 1832 ipse
625 1776 698 1814 ineas
720 1756 777 1812 alas
798 1758 947 1819 amiserim,
975 1757 1091 1812 eitimam
1121 1758 1197 1815 item
1224 1762 1346 1817 caeteris
1375 1780 1449 1835 quan
1468 1781 1497 1834 pa*

202 1852 261 1898 tero
279 1841 440 1898 libertatem.
506 1843 725 1917 Desperatio.
751 1842 825 1903 l'ule.
849 1839 922 1898 Echi
986 1841 1124 1898 Eclius.
1150 1843 1278 1901 Utinam
1297 1856 1329 1902 tu
1345 1848 1432 1903 casias.
1459 1865 1499 1919 qus

131 1930 263 1984 §.tt-eum
286 1926 478 2000 llesperutiuue
507 1927 609 1983 vulcat?
695 1927 911 2001 Desperatio.
940 1926 1045 1983 Utinam
1073 1926 1127 1983 tihi
1157 1940 1270 2002 saneta
1301 1931 1457 2006 Desperatio
1475 1933 1501 1984 h

201 2030 283 2086 gnam
305 2012 429 2066 arborem
453 2012 601 2086 suspendio
624 2021 830 2068 coiumuustret.
916 2012 1052 2067 Eclius.
1082 2010 1149 2078 Quo
1182 2024 1273 2071 certe
1298 2017 1345 2072 vin
1369 2017 1439 2072 aliud
1457 2018 1500 2071 nili

132 2099 231 2152 ticin
253 2097 306 2151 hoc
329 2095 453 2152 humanae
477 2098 538 2152 vitae
561 2096 662 2170 liuripo
685 2098 771 2170 magis
795 2106 962 2170 oportunum
990 2105 1084 2170 posset
1115 2100 1312 2173 contingere.
1404 2103 1519 2175 timp-i

203 2182 304 2236 ratio.
329 2180 388 2236 Fiat
410 2199 477 2253 ergo
501 2182 574 2254 quod
597 2191 691 2256 optus:
714 2199 806 2237 verum
830 2182 942 2236 ostende
965 2182 1041 2255 prius
1063 2181 1202 2239 nrhorein
1232 2185 1504 2259 crustuminum

202 2266 306 2340 possim
330 2283 362 2320 en
386 2264 430 2320 illa
453 2266 598 2339 decerptos
627 2266 754 2321 sun-ulus
782 2283 886 2327 serere,
916 2264 1158 2340 Pheolugisturum
1192 2268 1306 2327 tarinae
1332 2291 1433 2346 magno
1454 2273 1505 2326 tntu

202 2367 247 2405 ros
270 2349 341 2405 usui.
429 2350 562 2405 Euhius.
584 2350 691 2413 Placet,
716 2361 745 2407 tu
769 2352 869 2406 iactum
891 2360 971 2424 puta,
994 2369 1027 2407 ne
1050 2350 1129 2407 solus
1155 2370 1300 2426 peream:
1333 2375 1413 2419 nam,
1436 2368 1461 2414 ut
1478 2366 1507 2411 est

204 2435 229 2488 in
253 2435 337 2489 veteri
361 2435 520 2507 proverbio,
544 2436 640 2492 Leuius
663 2436 815 2493 eommunia
839 2445 961 2508 tangunt.
1404 2435 1409 2445 '

666 2605 750 2648 Fllllss
771 2605 858 2646 notul
880 2604 1030 2646 honneni.

269 2802 280 2833 ²
293 2805 401 2855 'Phnsus
414 2805 572 2861 s.Thnssus,
588 2805 678 2854 insule
690 2805 818 2854 'Phrociae
833 2806 861 2854 in
874 2806 943 2854 muri
957 2789 1067 2870 Aegeo,
1082 2807 1330 2870 opulentissima.
1347 2814 1421 2863 irride
1436 2804 1511 2867 Θάσος

203 2878 335 2952 α’γαθών,
355 2891 464 2940 'Plinsus
483 2890 624 2939 hunorum.
644 2891 680 2939 ci.
695 2889 797 2939 Zenoh.
813 2890 858 2939 tv,
872 2888 914 2939 34.
935 2891 1052 2954 interpp.
1067 2890 1209 2940 Similiter
1222 2885 1370 2958 Ἀγαθῶν
1384 2891 1511 2947 θάλασσα.

202 2963 247 3036 α’γ.
262 2970 420 3038 θησαυρός,
438 2963 484 3038 α’γ.
498 2965 651 3038 αἱγαθίδες,
670 2964 715 3037 αἷγ.
729 2971 884 3038 μυρμηκιαῖ.
921 2972 931 3005 ⁴
949 2974 1055 3024 Phitox.
1070 2973 1131 3039 let]
1146 2976 1318 3041 Dionysius
1333 2982 1516 3046 syracusano

203 3058 381 3108 Philoxenum
401 3064 511 3123 poclum
531 3059 558 3107 in
577 3058 744 3122 lapidicinos
763 3060 897 3119 coniecit,
922 3059 993 3123 quod
1015 3060 1038 3108 is
1062 3059 1137 3108 illius
1163 3065 1353 3125 tragoediam
1381 3069 1512 3117 ementiare

202 3142 292 3191 iussus
306 3149 393 3192 totam
406 3144 554 3207 dispunxit.
575 3143 716 3193 Plutarch.
730 3143 763 3191 de
778 3143 840 3191 sort.
855 3143 933 3194 illex.
946 3143 1004 3193 334.
1020 3144 1062 3193 ed.
1075 3144 1174 3198 Reisk.
1189 3147 1215 3193 V
1219 3149 1259 3197 11.
1277 3167 1307 3215 p.
1323 3150 1388 3201 320,
1410 3154 1453 3202 Cf,
1466 3154 1514 3200 (Ἲς.

204 3243 247 3292 ep.
261 3227 295 3276 nd
308 3229 365 3276 nti.
380 3229 426 3277 ll'.
440 3228 463 3277 tl.
477 3228 553 3276 Veri.
568 3229 600 3277 V.
613 3228 692 3289 thos.
708 3244 732 3277 c.
745 3227 863 3292 interpp.
928 3227 938 3257 ³
956 3229 1100 3278 trutlueerc
1113 3229 1298 3285 :ludibrio
1321 3235 1433 3287 habere
1451 3247 1473 3286 rt
1490 3254 1515 3285 ιι

193 3311 261 3381 ,alin
280 3313 307 3360 in
327 3312 410 3361 alium
430 3312 552 3377 linguam
572 3318 743 3362 convertere.
799 3312 815 3344 '¹
835 3311 1210 3381 Murnnrumthlinltpttbittrt
1230 3319 1423 3384 nilpellatum
1443 3325 1516 3372 tuisse

202 3411 286 3460 supro
304 3397 373 3445 setis
392 3398 518 3446 vidimus.
571 3394 594 3426 ²⁰
614 3397 742 3461 Euripus,
764 3398 864 3446 fretum
883 3398 1152 3463 reciprocationibns
1172 3400 1279 3452 furens
1303 3407 1385 3457 inter
1404 3410 1517 3458 Atticum

175 3514 178 3520 .
204 3487 232 3528 et
251 3481 397 3543 nuboeam,
418 3482 451 3531 tle
471 3496 523 3545 quo
542 3482 614 3529 iuter
633 3480 704 3530 alios
723 3481 822 3531 multos
841 3483 938 3531 senec.
953 3484 1036 3532 Herc.
1051 3484 1114 3532 Oet.
1128 3482 1189 3532 778.
1205 3502 1271 3551 sqq.

405 3569 442 3615 At
461 3582 514 3630 que
532 3566 621 3615 nivosi
641 3567 748 3630 patitur
765 3567 910 3631 Aquilonis
929 3569 1017 3616 minos

404 3652 524 3714 Euripus
544 3650 630 3699 undas
649 3651 739 3700 flectit
758 3651 897 3701 instabilis
916 3668 1004 3715 vagas

405 3735 571 3799 septemque
592 3750 686 3784 cursus
704 3734 791 3785 volvit
810 3741 838 3785 et
856 3736 972 3786 totidem
991 3736 1086 3796 refert,

366 3827 373 3835 ‘
403 3822 473 3869 Dum
492 3819 567 3869 lassa
585 3819 670 3868 'litun
689 3825 797 3883 mergat
814 3821 928 3870 Ocenuo
947 3822 1020 3885 iuga.

267 3901 289 3934 ²²
308 3905 405 3952 furium
423 3924 457 3946 z
476 3905 596 3952 uxnmini
615 3903 673 3954 vili.
743 3902 765 3935 ²²
782 3903 897 3971 Levius]
922 3895 970 3954 Ἐν
982 3909 1096 3963 κοιναῖς
1114 3914 1291 3972 συμφοραῖς
1317 3913 1435 3985 κοινὴν
1453 3915 1521 3970 εἶναι

200 3988 401 4052 παραμυθίαν.
421 3989 536 4053 Niceph.
551 3989 600 4037 tu.
616 4007 657 4054 op.
672 3990 712 4039 ut.
728 3992 745 4038 i.
761 3991 779 4039 f.
808 3991 945 4039 l-'sitntius
963 3983 1061 4039 κοινὸν
1081 3982 1228 4056 ναυάγιον
1248 4002 1316 4056 τοῖς
1339 4003 1418 4054 πᾶσι
1439 4023 1521 4068 καρα-

200 4064 321 4134 pieton
337 4073 486 4124 Commune
501 4075 678 4139 naufragium
692 4075 817 4125 omnibus
831 4075 961 4125 solatium
976 4080 1026 4124 est.
1040 4075 1165 4140 Apostol.
1179 4077 1289 4132 imon,
