3276 5414
176 347 217 417 5¹
227 347 249 417 8
617 370 733 406 DlALOGl
759 368 1037 405 ΡΒΙΥΒΟΕΠΤΙΜΕΙ.

121 545 166 597 ts.
240 533 370 590 decius.
407 530 479 587 trun
502 529 609 586 miseria
633 527 798 590 miserrima,
820 526 983 602 mancipium
1010 526 1067 584 huc
1095 525 1304 602 largiloquam
1327 527 1358 583 ad
1371 528 1457 586 insanin

177 637 219 677 me
242 617 321 674 bodie
345 616 458 689 rediget.
502 612 571 681 Quin
595 623 624 670 tu
647 611 725 674 siles,
750 611 922 674 terveneiiee.
945 619 974 666 et
996 611 1183 668 cantharum
1209 611 1340 687 praebesl

241 703 336 759 Puer.
374 699 465 755 Silebu
487 698 584 771 igitur,
609 698 735 772 quoniam
759 706 788 754 tu
811 697 848 752 ita
870 695 962 758 iubes,
991 705 1023 752 et
1047 698 1177 753 lurtum
1204 697 1458 772 iniquissimis!

178 790 226 846 tibi
250 787 391 860 imperium
421 784 558 859 permisit.
588 800 643 838 nun
666 782 777 855 ignarus
799 782 942 857 pessimam
965 799 1030 838 esse
1053 791 1176 838 sortem
1202 783 1283 839 servi
1306 782 1377 839 illies
1400 788 1460 857 qur

177 873 310 930 dementis
326 870 383 927 lteri
401 870 558 925 stertitutem
575 867 713 930 inciderit;
733 866 799 943 ‚bite
814 867 911 940 igitur,
933 874 993 930 attt.
1019 866 1044 922 si
1063 867 1181 931 mavis,
1207 867 1335 925 bibendo
1349 878 1375 925 te
1388 870 1471 926 salue.

124 977 169 1028 §.s
246 956 376 1012 Eceius.
414 953 481 1021 Quid
505 961 563 1009 tute
587 960 674 1008 tecum
696 952 798 1024 garris,
823 951 964 1024 mastigia?

242 1043 337 1097 Puer.
375 1038 415 1094 Nil
439 1038 577 1112 equidem.
600 1037 722 1094 canthari
746 1037 860 1095 forsitan
884 1035 1029 1110 strepitum
1053 1036 1180 1103 audisti.

243 1125 372 1183 Eccius.
409 1124 430 1178 0
454 1123 576 1184 lorttma,
600 1121 664 1177 viris
688 1121 774 1177 invida
796 1121 923 1183 lontibus,

409 1207 492 1275 Quam
516 1225 570 1264 nun
593 1224 670 1280 equa
692 1207 772 1263 bunis
795 1207 906 1280 premia
927 1205 1038 1262 dilidis!

410 1292 499 1348 Gaude
522 1292 620 1365 igitur.
643 1291 771 1357 Martiae,
794 1300 822 1347 et
845 1300 889 1352 tu,
911 1289 1095 1354 Carolstudic.
1124 1292 1239 1365 gaude.
1474 1310 1482 1344 ι

411 1377 464 1433 lieu
486 1394 555 1439 nen,
578 1376 719 1451 Philippo,
742 1375 844 1433 sebulae
865 1374 1065 1451 pultemieetm
1089 1378 1255 1451 magister,

184 1477 334 1542 nostroque
357 1481 428 1520 nunc
452 1462 620 1519 exsatientini
642 1461 778 1522 cruciatu.
808 1460 980 1518 oblectemiui
1007 1460 1128 1524 dolere,
1164 1461 1211 1519 nil
1240 1465 1321 1520 enim
1352 1463 1388 1533 liti
1414 1465 1474 1535 lits}

184 1553 288 1628 gratius
311 1550 386 1605 tuliis
409 1548 516 1604 evenire
538 1555 647 1622 posset,
681 1563 761 1620 quam
784 1545 889 1602 Eecium
919 1545 1001 1602 tantis
1028 1548 1193 1611 aerumnis,
1232 1551 1328 1606 tantis
1358 1550 1476 1607 insunt·

128 1648 294 1698 inseruire
322 1632 528 1690 calamitatibus.
572 1632 622 1687 Sed
652 1631 750 1688 iterum
778 1631 951 1694 cantharum,
984 1618 1015 1687 ut
1043 1630 1180 1690 Baccltm
1213 1634 1340 1693 dolores
1368 1637 1490 1739 attinget

184 1732 236 1779 tant
260 1738 362 1795 graves

247 1808 343 1862 l'uer
382 1805 435 1859 lam
457 1802 530 1859 sitim
553 1802 602 1858 lris
624 1802 760 1863 sedasset.
783 1800 911 1857 nimitum
932 1801 956 1856 si
978 1800 1059 1857 hodie
1084 1799 1182 1876 pluet.

194 1958 197 1963 ι
247 1890 382 1947 Eeeius.
420 1888 505 1949 Proh.
530 1886 574 1942 lus
597 1886 708 1948 acerba,
732 1886 792 1960 quis
815 1886 889 1942 intus
911 1885 1043 1960 scorpius.

422 1973 486 2040 linis
509 1989 605 2029 cancer
627 1971 723 2028 inlitus
745 1988 819 2028 meas
840 1971 896 2027 urit
918 1969 1056 2033 medullas,

421 2057 570 2113 bistendit‘l
593 2058 671 2113 ardet
692 2055 754 2113 ielle
777 2056 878 2113 siccato
900 2055 982 2118 iecur,

422 2144 574 2217 Totumque
597 2142 687 2199 lentus
709 2141 866 2215 sanguinem
888 2141 975 2197 avexit
996 2157 1090 2215 vapor.
1487 2157 1499 2192 s

188 2235 239 2287 leui
263 2240 338 2286 tantu
361 2228 449 2285 deleri
474 2228 559 2303 impar
581 2245 654 2290 suin.
678 2227 730 2282 iam
752 2243 846 2283 manus
868 2226 917 2288 du.
946 2223 1063 2282 tormini
1086 2230 1144 2283 tam
1170 2229 1242 2286 dira
1268 2231 1347 2288 baud
1373 2232 1440 2288 ultra
1458 2241 1484 2286 ts

132 2317 274 2372 celerare
291 2314 375 2370 velue.
409 2313 508 2386 tleyter
524 2313 620 2387 igitur.
642 2329 723 2387 puer,
747 2313 898 2368 universam
920 2310 1066 2368 amicorum
1090 2311 1202 2370 advoca
1231 2316 1370 2379 turbam,
1395 2327 1424 2373 ut
1441 2335 1484 2373 cus

187 2401 229 2456 his
246 2399 342 2456 saltem
359 2413 419 2473 quae
435 2398 462 2452 in
485 2415 542 2453 rem
564 2415 650 2453 meam
674 2397 730 2453 sint
750 2397 913 2453 deliberem:
936 2396 1012 2471 prius
1035 2403 1126 2452 tamen
1148 2400 1333 2458 cantharum
1358 2404 1485 2477 porrigito.

249 2486 343 2541 l'uer.
381 2483 520 2552 Quodnam
542 2483 660 2539 malum?
687 2478 814 2538 turbanti
845 2499 905 2538 euin
928 2481 970 2536 vix
992 2498 1062 2537 ttnus
1084 2490 1134 2539 ant
1156 2482 1242 2541 alter
1266 2487 1356 2544 nubis
1386 2487 1486 2563 supersit

186 2571 300 2630 amicus.
324 2587 373 2625 trec
395 2569 433 2624 bii
456 2568 521 2624 satis
543 2585 574 2624 ex
597 2569 695 2623 aniene.
755 2637 758 2645 Ι

252 2656 381 2712 Eecius.
419 2655 619 2720 Tantensuua3
648 2652 695 2708 sed
717 2652 793 2727 prius
816 2651 914 2709 vicario
937 2650 1087 2709 substituto
1109 2651 1159 2727 qui
1184 2654 1268 2713 vices
1293 2656 1430 2733 suppleat
1443 2665 1487 2713 leat

188 2761 219 2800 ae
240 2749 370 2798 strennue
391 2738 560 2796 cantharum.
572 2738 676 2795 oderat.

134 2829 180 2878 ll
253 2828 350 2882 Puer.
387 2824 533 2885 Fiathue
558 2822 608 2879 ium
631 2822 707 2879 abeo.

252 2911 386 2968 Eccius.
424 2909 499 2964 Mane
520 2908 584 2964 dum
607 2925 637 2964 ac
659 2907 736 2981 prius
758 2907 915 2964 cantharum
937 2906 1076 2982 praebetu;
1098 2905 1234 2972 iamabi.
1261 2920 1297 2968 ut
1315 2920 1489 2971 umam

189 3006 245 3053 tum
269 2997 362 3053 reileas
384 2987 528 3050 memento
557 2993 622 3050 ulte!
1494 3005 1509 3039 s

252 3082 347 3138 Puer.
386 3079 487 3136 lluetus
510 3086 646 3139 ructatur
670 3087 747 3133 satur
768 3085 810 3133 est
833 3076 953 3139 tandem,
984 3076 1064 3134 ollam
1087 3076 1157 3135 lianc
1178 3078 1387 3154 implevimus,
1414 3083 1489 3160 prebe

190 3175 306 3243 appulus
330 3173 446 3220 stertere
470 3163 572 3237 insipit.
617 3163 717 3219 utittam
740 3180 865 3219 reversus
888 3161 963 3218 illum
985 3161 1115 3236 pensilem
1140 3163 1298 3225 inveniam!
1336 3175 1396 3225 tam
1425 3170 1490 3226 odiu

190 3273 236 3309 sus
260 3260 287 3308 et
310 3249 442 3306 molestus
465 3257 521 3311 est,
545 3264 599 3304 non
623 3248 674 3304 iam
697 3247 791 3305 alienis
814 3250 933 3310 tantum.
957 3247 1004 3304 sed
1026 3256 1054 3303 et
1076 3247 1146 3310 suis,
1171 3248 1221 3304 sed
1248 3259 1280 3306 et
1304 3253 1424 3316 amicis.
1449 3272 1490 3329 pe

189 3339 322 3393 tissimum
345 3352 408 3391 veru
429 3334 594 3391 domesticis.

252 3423 306 3476 dm
316 3420 368 3475 iei.
399 3418 474 3475 Salve
490 3419 620 3492 magister
634 3425 736 3481 nuder,
752 3436 794 3480 ee,
811 3426 841 3475 ut
857 3419 983 3480 iusseras,
998 3417 1048 3474 tibi
1062 3425 1165 3492 presto
1179 3434 1293 3483 sumus,
1311 3422 1398 3486 heus,
1415 3423 1513 3480 tressis

255 3508 351 3563 Puer.
389 3504 435 3559 Vis
460 3512 624 3560 taratantara
646 3503 814 3560 merubihum
844 3503 920 3560 illum
947 3503 1090 3564 excitaret.
1124 3518 1175 3559 nec
1200 3504 1328 3570 mirum,
1368 3510 1490 3583 quonian

132 3603 179 3652 tu
193 3611 248 3650 uun
271 3591 358 3647 sulum
381 3589 463 3663 paulu
485 3590 548 3664 plus
570 3588 688 3651 adbibit,
711 3589 758 3645 sed
782 3596 838 3645 tuta
861 3589 945 3645 terme
966 3588 1009 3645 die
1030 3587 1188 3645 cantharum
1210 3605 1283 3653 ore,
1308 3600 1342 3648 et
1357 3595 1492 3651 mordicus

192 3678 312 3753 quidem,
337 3674 458 3730 retinuit.
516 3672 737 3747 negilstete
761 3675 859 3729 adsunt
880 3673 971 3730 amici!
1458 3712 1462 3718 .

188 3755 191 3765 ’
255 3762 385 3818 deeius.
423 3760 501 3822 llem,
538 3777 615 3833 quam
639 3776 746 3814 suavem
769 3759 883 3831 abegisti
908 3774 1045 3820 somnunt
1078 3774 1184 3816 omnem
1207 3752 1376 3819 obdormivi
1399 3782 1490 3840 crapu-

161 3847 258 3907 .;iant
281 3847 327 3902 sed
349 3862 398 3901 eur
421 3855 473 3901 tatii
496 3862 597 3918 paucus
619 3843 771 3899 atltlux'tstii
1496 3853 1515 3892 s

254 3933 350 3987 l'tter
387 3923 522 3986 etmulti
546 3928 590 3985 ulii
614 3929 708 3988 oranti
743 3929 807 4002 quin
831 3929 995 4003 necpaucis
1023 3927 1091 3991 illis,
1125 3927 1295 4004 quibuscum
1323 3951 1490 4058 congressus

193 4035 266 4077 sum.
291 4025 320 4072 ut
343 4033 385 4072 me
407 4024 601 4090 sequerentur
624 4014 788 4088 persuadere
810 4013 897 4088 potui.
985 4069 986 4072 ,

193 4201 264 4250 ‘udis
282 4201 339 4249 suis
358 4199 442 4248 labiis
460 4197 494 4247 ob
513 4197 638 4247 innatam
657 4213 691 4247 ee
709 4186 1081 4247 eontinusm⁶temnlenliem
1104 4212 1184 4247 erare
1208 4197 1390 4267 incepisset,
1416 4204 1487 4271 prob,

194 4285 298 4350 ‘quales
318 4284 452 4335 clamores
472 4282 609 4341 audisses,
635 4287 677 4344 ut,
702 4283 726 4333 si
751 4283 891 4344 nituisses,
914 4281 1044 4345 dixisses,
1070 4296 1131 4333 enm
1149 4281 1284 4334 Stentora
1304 4287 1427 4340 vincere
1443 4304 1487 4339 vo·

196 4370 305 4420 ¹luisse:
327 4368 474 4434 aliquande
492 4382 557 4417 veru
577 4367 645 4417 adeo
663 4367 798 4418 submisse
820 4366 1001 4428 mussitabat,
1025 4370 1068 4429 nt,
1092 4360 1158 4433 quid
1181 4366 1308 4433 fficeret,
1336 4386 1423 4425 nemo
1445 4389 1489 4424 att·

195 4456 275 4505 ‘diret
292 4470 342 4520 seu
359 4454 556 4519 intelligeret.”
575 4467 724 4503 sasernae.
760 4451 791 4484 Μ
810 4451 1171 4517 Senec.11ere.fur.l>24.sq.
1224 4451 1247 4486 ¹⁰
1263 4455 1425 4521 Lutherus,
1439 4458 1489 4509 Cs-

192 4540 357 4592 relostsdiue
381 4545 409 4589 et
426 4539 623 4591 Meleneltthon
646 4540 674 4588 in
691 4539 832 4604 Lipsiensi
855 4537 1043 4603 disputatione
1066 4536 1176 4588 molesti
1199 4538 1295 4591 uento
1321 4541 1488 4596 adsensun

193 4625 213 4658 ¹⁶
232 4626 376 4676 Cf.Pluut.
391 4624 587 4687 Cure.1.2,tt.
628 4625 698 4668 Μ·
712 4621 1118 4688 Seneezilere.Oet1218.sqq.
1159 4620 1182 4655 ⁸²
1199 4622 1320 4692 penest]
1339 4626 1488 4682 efflant

192 4711 291 4761 Pseud.
306 4711 328 4759 Ι.
344 4709 409 4771 l,st.
444 4708 466 4742 ³⁸
484 4708 971 4775 merob]Of.Plsut.Cure.1.l,tt.
1018 4707 1040 4742 ⁴⁰
1058 4704 1488 4775 er.obd.]Pittnt.Most.V.2,t.
