<?xml version="1.0" encoding="UTF-8"?>
<!DOCTYPE html PUBLIC "-//W3C//DTD XHTML 1.0 Transitional//EN"
    "http://www.w3.org/TR/xhtml1/DTD/xhtml1-transitional.dtd">
<html xmlns="http://www.w3.org/1999/xhtml" xml:lang="en" lang="en">
 <head>
  <title>
</title>
<meta http-equiv="Content-Type" content="text/html;charset=utf-8" />
  <meta name='ocr-system' content='tesseract 3.04.00' />
  <meta name='ocr-capabilities' content='ocr_page ocr_carea ocr_par ocr_line ocrx_word'/>
</head>
<body>
  <div class='ocr_page' id='page_1' title='image "./ulrichihuttenie10huttgoog_0383.png"; bbox 0 0 3276 5414; ppageno 0'>
   <div class='ocr_carea' id='block_1_1' title="bbox 197 322 1332 398">
    <p class='ocr_par' dir='ltr' id='par_1_1' title="bbox 197 322 1332 398">
     <span class='ocr_line' id='line_1_1' title="bbox 197 322 1332 398; baseline -0.014 -2"><span class='ocrx_word' id='word_1_1' title='bbox 197 322 269 395; x_wconf 77' lang='grc'><strong>356</strong></span> <span class='ocrx_word' id='word_1_2' title='bbox 379 337 414 387; x_wconf 82' lang='grc' dir='ltr'><strong>Χ.</strong></span> <span class='ocrx_word' id='word_1_3' title='bbox 484 350 610 387; x_wconf 69' lang='lat' dir='ltr'><strong>nostroe</strong></span> <span class='ocrx_word' id='word_1_4' title='bbox 630 348 780 385; x_wconf 76' lang='lat' dir='ltr'><strong>secururs.</strong></span> <span class='ocrx_word' id='word_1_5' title='bbox 851 348 991 383; x_wconf 78' lang='lat' dir='ltr'><strong>oranoavs</strong></span> <span class='ocrx_word' id='word_1_6' title='bbox 1010 347 1209 385; x_wconf 78' lang='lat' dir='ltr'><strong>uvrrmovs.</strong></span> <span class='ocrx_word' id='word_1_7' title='bbox 1233 331 1332 398; x_wconf 76' lang='lat' dir='ltr'><strong>(tatu.)</strong></span> 
     </span>
    </p>
   </div>
   <div class='ocr_carea' id='block_1_2' title="bbox 124 502 1528 2597">
    <p class='ocr_par' dir='ltr' id='par_1_2' title="bbox 124 502 1528 2597">
     <span class='ocr_line' id='line_1_2' title="bbox 194 502 1505 583; baseline -0.006 -14"><span class='ocrx_word' id='word_1_8' title='bbox 194 513 331 569; x_wconf 84' lang='lat' dir='ltr'><strong>numento</strong></span> <span class='ocrx_word' id='word_1_9' title='bbox 352 511 430 566; x_wconf 86' lang='lat' dir='ltr'><strong>sunt.</strong></span> <span class='ocrx_word' id='word_1_10' title='bbox 461 522 548 583; x_wconf 92' lang='lat' dir='ltr'><strong>quem</strong></span> <span class='ocrx_word' id='word_1_11' title='bbox 571 521 627 563; x_wconf 87' lang='lat' dir='ltr'><strong>nos</strong></span> <span class='ocrx_word' id='word_1_12' title='bbox 648 509 784 563; x_wconf 86' lang='lat' dir='ltr'><strong>eventum</strong></span> <span class='ocrx_word' id='word_1_13' title='bbox 806 520 916 579; x_wconf 88' lang='lat' dir='ltr'><strong>urgere</strong></span> <span class='ocrx_word' id='word_1_14' title='bbox 937 502 1023 562; x_wconf 90' lang='lat' dir='ltr'><strong>deeet</strong></span> <span class='ocrx_word' id='word_1_15' title='bbox 1036 521 1072 563; x_wconf 84' lang='lat' dir='ltr'><strong>ae</strong></span> <span class='ocrx_word' id='word_1_16' title='bbox 1087 519 1269 581; x_wconf 77' lang='lat' dir='ltr'><strong>provocare</strong></span> <span class='ocrx_word' id='word_1_17' title='bbox 1285 508 1436 582; x_wconf 82' lang='lat' dir='ltr'><strong>quantum</strong></span> <span class='ocrx_word' id='word_1_18' title='bbox 1448 518 1505 580; x_wconf 65' lang='lat' dir='ltr'><strong>poe</strong></span> 
     </span>
     <span class='ocr_line' id='line_1_3' title="bbox 126 603 1504 693; baseline -0.004 -24"><span class='ocrx_word' id='word_1_19' title='bbox 126 619 308 669; x_wconf 52' lang='lat' dir='ltr'><strong>§.arenauno</strong></span> <span class='ocrx_word' id='word_1_20' title='bbox 333 622 341 693; x_wconf 78' lang='grc' dir='ltr'>Ι</span> <span class='ocrx_word' id='word_1_21' title='bbox 364 624 483 675; x_wconf 86' lang='lat' dir='ltr'><strong>sumus;</strong></span> <span class='ocrx_word' id='word_1_22' title='bbox 514 607 675 683; x_wconf 80' lang='lat' dir='ltr'><strong>praesertim</strong></span> <span class='ocrx_word' id='word_1_23' title='bbox 705 605 796 682; x_wconf 84' lang='lat' dir='ltr'><strong>siquis</strong></span> <span class='ocrx_word' id='word_1_24' title='bbox 823 606 861 663; x_wconf 88' lang='lat' dir='ltr'><strong>sit</strong></span> <span class='ocrx_word' id='word_1_25' title='bbox 890 604 937 663; x_wconf 91' lang='lat' dir='ltr'><strong>cni</strong></span> <span class='ocrx_word' id='word_1_26' title='bbox 959 603 1036 664; x_wconf 84' lang='lat' dir='ltr'><strong>liano</strong></span> <span class='ocrx_word' id='word_1_27' title='bbox 1057 610 1192 665; x_wconf 82' lang='lat' dir='ltr'><strong>urentem</strong></span> <span class='ocrx_word' id='word_1_28' title='bbox 1215 603 1305 665; x_wconf 74' lang='lat' dir='ltr'><strong>(leus</strong></span> <span class='ocrx_word' id='word_1_29' title='bbox 1333 603 1454 671; x_wconf 87' lang='lat' dir='ltr'><strong>indidit,</strong></span> <span class='ocrx_word' id='word_1_30' title='bbox 1479 614 1504 663; x_wconf 91' lang='lat' dir='ltr'><strong>nt</strong></span> 
     </span>
     <span class='ocr_line' id='line_1_4' title="bbox 193 705 1503 787; baseline -0.003 -17"><span class='ocrx_word' id='word_1_31' title='bbox 193 711 348 787; x_wconf 78' lang='lat' dir='ltr'><strong>aegerrime</strong></span> <span class='ocrx_word' id='word_1_32' title='bbox 377 709 452 769; x_wconf 85' lang='lat' dir='ltr'><strong>ierat</strong></span> <span class='ocrx_word' id='word_1_33' title='bbox 480 725 535 787; x_wconf 90' lang='lat' dir='ltr'><strong>pro</strong></span> <span class='ocrx_word' id='word_1_34' title='bbox 564 709 612 784; x_wconf 89' lang='lat' dir='ltr'><strong>pla</strong></span> <span class='ocrx_word' id='word_1_35' title='bbox 633 705 775 781; x_wconf 76' lang='lat' dir='ltr'><strong>religione</strong></span> <span class='ocrx_word' id='word_1_36' title='bbox 798 705 962 765; x_wconf 88' lang='lat' dir='ltr'><strong>malollcam</strong></span> <span class='ocrx_word' id='word_1_37' title='bbox 983 721 1110 782; x_wconf 89' lang='lat' dir='ltr'><strong>regnare</strong></span> <span class='ocrx_word' id='word_1_38' title='bbox 1132 707 1415 783; x_wconf 76' lang='lat' dir='ltr'><strong>superstitionem,</strong></span> <span class='ocrx_word' id='word_1_39' title='bbox 1444 707 1503 766; x_wconf 78' lang='lat' dir='ltr'><strong>istos</strong></span> 
     </span>
     <span class='ocr_line' id='line_1_5' title="bbox 194 805 1502 884; baseline -0.002 -13"><span class='ocrx_word' id='word_1_40' title='bbox 194 811 271 872; x_wconf 78' lang='lat' dir='ltr'><strong>niele</strong></span> <span class='ocrx_word' id='word_1_41' title='bbox 301 816 433 870; x_wconf 83' lang='lat' dir='ltr'><strong>moratos</strong></span> <span class='ocrx_word' id='word_1_42' title='bbox 460 809 609 877; x_wconf 86' lang='lat' dir='ltr'><strong>bornines,</strong></span> <span class='ocrx_word' id='word_1_43' title='bbox 640 805 742 884; x_wconf 89' lang='lat' dir='ltr'><strong>glabra</strong></span> <span class='ocrx_word' id='word_1_44' title='bbox 769 813 850 875; x_wconf 86' lang='lat' dir='ltr'><strong>ente,</strong></span> <span class='ocrx_word' id='word_1_45' title='bbox 879 805 963 865; x_wconf 83' lang='lat' dir='ltr'><strong>vulso</strong></span> <span class='ocrx_word' id='word_1_46' title='bbox 992 822 1134 882; x_wconf 85' lang='lat' dir='ltr'><strong>eorpore,</strong></span> <span class='ocrx_word' id='word_1_47' title='bbox 1171 816 1372 884; x_wconf 83' lang='lat' dir='ltr'><strong>exporrecto</strong></span> <span class='ocrx_word' id='word_1_48' title='bbox 1402 814 1502 869; x_wconf 78' lang='lat' dir='ltr'><strong>ventre</strong></span> 
     </span>
     <span class='ocr_line' id='line_1_6' title="bbox 192 900 1518 993; baseline 0 -23"><span class='ocrx_word' id='word_1_49' title='bbox 192 910 313 989; x_wconf 50' lang='lat' dir='ltr'><strong>ssgpffifffl</strong></span> <span class='ocrx_word' id='word_1_50' title='bbox 336 900 343 969; x_wconf 95' lang='grc' dir='ltr'>Ι</span> <span class='ocrx_word' id='word_1_51' title='bbox 366 908 551 988; x_wconf 89' lang='lat' dir='ltr'><strong>patrantibus</strong></span> <span class='ocrx_word' id='word_1_52' title='bbox 573 907 679 976; x_wconf 88' lang='lat' dir='ltr'><strong>oeulis,</strong></span> <span class='ocrx_word' id='word_1_53' title='bbox 704 916 854 983; x_wconf 90' lang='lat' dir='ltr'><strong>unguento</strong></span> <span class='ocrx_word' id='word_1_54' title='bbox 877 905 1038 993; x_wconf 79' lang='lat' dir='ltr'><strong>delibutos,</strong></span> <span class='ocrx_word' id='word_1_55' title='bbox 1062 904 1177 985; x_wconf 88' lang='lat' dir='ltr'><strong>aliquos</strong></span> <span class='ocrx_word' id='word_1_56' title='bbox 1198 908 1290 969; x_wconf 82' lang='lat' dir='ltr'><strong>male</strong></span> <span class='ocrx_word' id='word_1_57' title='bbox 1313 910 1400 968; x_wconf 79' lang='lat' dir='ltr'><strong>vires</strong></span> <span class='ocrx_word' id='word_1_58' title='bbox 1414 910 1518 971; x_wconf 65' lang='lat' dir='ltr'><strong>erinna</strong></span> 
     </span>
     <span class='ocr_line' id='line_1_7' title="bbox 194 1008 1502 1092; baseline -0.004 -19"><span class='ocrx_word' id='word_1_59' title='bbox 194 1013 302 1092; x_wconf 90' lang='lat' dir='ltr'><strong>quibus</strong></span> <span class='ocrx_word' id='word_1_60' title='bbox 324 1019 393 1073; x_wconf 85' lang='lat' dir='ltr'><strong>unte</strong></span> <span class='ocrx_word' id='word_1_61' title='bbox 415 1010 640 1088; x_wconf 86' lang='lat' dir='ltr'><strong>temperantiam</strong></span> <span class='ocrx_word' id='word_1_62' title='bbox 661 1008 751 1069; x_wconf 90' lang='lat' dir='ltr'><strong>libido</strong></span> <span class='ocrx_word' id='word_1_63' title='bbox 774 1017 832 1075; x_wconf 90' lang='lat' dir='ltr'><strong>est,</strong></span> <span class='ocrx_word' id='word_1_64' title='bbox 863 1015 930 1067; x_wconf 87' lang='lat' dir='ltr'><strong>aute</strong></span> <span class='ocrx_word' id='word_1_65' title='bbox 953 1009 1150 1068; x_wconf 72' lang='lat' dir='ltr'><strong>innocentiam</strong></span> <span class='ocrx_word' id='word_1_66' title='bbox 1173 1009 1284 1079; x_wconf 78' lang='lat' dir='ltr'><strong>t&#39;rauS,</strong></span> <span class='ocrx_word' id='word_1_67' title='bbox 1315 1018 1392 1071; x_wconf 89' lang='lat' dir='ltr'><strong>ante</strong></span> <span class='ocrx_word' id='word_1_68' title='bbox 1414 1011 1502 1087; x_wconf 80' lang='lat' dir='ltr'><strong>probi</strong></span> 
     </span>
     <span class='ocr_line' id='line_1_8' title="bbox 193 1107 1502 1188; baseline -0.004 -13"><span class='ocrx_word' id='word_1_69' title='bbox 193 1122 283 1175; x_wconf 91' lang='lat' dir='ltr'><strong>tatem</strong></span> <span class='ocrx_word' id='word_1_70' title='bbox 306 1112 430 1182; x_wconf 88' lang='lat' dir='ltr'><strong>malitia,</strong></span> <span class='ocrx_word' id='word_1_71' title='bbox 453 1111 581 1172; x_wconf 81' lang='lat' dir='ltr'><strong>breviter</strong></span> <span class='ocrx_word' id='word_1_72' title='bbox 603 1110 773 1170; x_wconf 83' lang='lat' dir='ltr'><strong>inhonestos</strong></span> <span class='ocrx_word' id='word_1_73' title='bbox 795 1109 929 1169; x_wconf 88' lang='lat' dir='ltr'><strong>hemines</strong></span> <span class='ocrx_word' id='word_1_74' title='bbox 951 1127 1052 1169; x_wconf 91' lang='lat' dir='ltr'><strong>rerum</strong></span> <span class='ocrx_word' id='word_1_75' title='bbox 1074 1107 1295 1186; x_wconf 76' lang='lat' dir='ltr'><strong>gubernaculis</strong></span> <span class='ocrx_word' id='word_1_76' title='bbox 1310 1111 1502 1188; x_wconf 64' lang='lat' dir='ltr'><strong>impudente</strong></span> 
     </span>
     <span class='ocr_line' id='line_1_9' title="bbox 194 1209 1501 1291; baseline -0.002 -16"><span class='ocrx_word' id='word_1_77' title='bbox 194 1217 267 1276; x_wconf 89' lang='lat' dir='ltr'><strong>sime</strong></span> <span class='ocrx_word' id='word_1_78' title='bbox 288 1214 425 1291; x_wconf 89' lang='lat' dir='ltr'><strong>ingerere</strong></span> <span class='ocrx_word' id='word_1_79' title='bbox 447 1231 479 1272; x_wconf 90' lang='lat' dir='ltr'><strong>se</strong></span> <span class='ocrx_word' id='word_1_80' title='bbox 501 1230 535 1271; x_wconf 92' lang='lat' dir='ltr'><strong>ae</strong></span> <span class='ocrx_word' id='word_1_81' title='bbox 558 1212 662 1287; x_wconf 80' lang='lat' dir='ltr'><strong>virgini</strong></span> <span class='ocrx_word' id='word_1_82' title='bbox 684 1210 823 1271; x_wconf 75' lang='lat' dir='ltr'><strong>Ecclesiae</strong></span> <span class='ocrx_word' id='word_1_83' title='bbox 844 1210 976 1271; x_wconf 88' lang='lat' dir='ltr'><strong>habitum</strong></span> <span class='ocrx_word' id='word_1_84' title='bbox 998 1209 1204 1287; x_wconf 72' lang='lat' dir='ltr'><strong>impurissimae</strong></span> <span class='ocrx_word' id='word_1_85' title='bbox 1229 1215 1413 1273; x_wconf 81' lang='lat' dir='ltr'><strong>meretricis</strong></span> <span class='ocrx_word' id='word_1_86' title='bbox 1428 1212 1501 1272; x_wconf 89' lang='lat' dir='ltr'><strong>indu·</strong></span> 
     </span>
     <span class='ocr_line' id='line_1_10' title="bbox 126 1311 1502 1391; baseline 0.001 -18"><span class='ocrx_word' id='word_1_87' title='bbox 126 1324 283 1383; x_wconf 60' lang='lat' dir='ltr'><strong>§.tl-cerm</strong></span> <span class='ocrx_word' id='word_1_88' title='bbox 312 1315 428 1374; x_wconf 88' lang='lat' dir='ltr'><strong>iuterim</strong></span> <span class='ocrx_word' id='word_1_89' title='bbox 458 1313 630 1391; x_wconf 78' lang='lat' dir='ltr'><strong>gravitatem</strong></span> <span class='ocrx_word' id='word_1_90' title='bbox 659 1311 852 1380; x_wconf 86' lang='lat' dir='ltr'><strong>sirnulanteis,</strong></span> <span class='ocrx_word' id='word_1_91' title='bbox 881 1319 978 1371; x_wconf 83' lang='lat' dir='ltr'><strong>tamen</strong></span> <span class='ocrx_word' id='word_1_92' title='bbox 1006 1311 1113 1371; x_wconf 80' lang='lat' dir='ltr'><strong>inultos</strong></span> <span class='ocrx_word' id='word_1_93' title='bbox 1140 1319 1208 1389; x_wconf 88' lang='lat' dir='ltr'><strong>pest</strong></span> <span class='ocrx_word' id='word_1_94' title='bbox 1240 1313 1502 1375; x_wconf 78' lang='lat' dir='ltr'><strong>anteambulones.</strong></span> 
     </span>
     <span class='ocr_line' id='line_1_11' title="bbox 193 1410 1527 1492; baseline 0 -21"><span class='ocrx_word' id='word_1_95' title='bbox 193 1412 370 1492; x_wconf 53' lang='lat' dir='ltr'><strong>&amp;ggffigpg</strong></span> <span class='ocrx_word' id='word_1_96' title='bbox 392 1410 400 1481; x_wconf 97' lang='grc' dir='ltr'>Ι</span> <span class='ocrx_word' id='word_1_97' title='bbox 423 1411 626 1492; x_wconf 80' lang='lat' dir='ltr'><strong>prementibus</strong></span> <span class='ocrx_word' id='word_1_98' title='bbox 647 1431 680 1473; x_wconf 91' lang='lat' dir='ltr'><strong>se</strong></span> <span class='ocrx_word' id='word_1_99' title='bbox 701 1413 816 1488; x_wconf 88' lang='lat' dir='ltr'><strong>magnis</strong></span> <span class='ocrx_word' id='word_1_100' title='bbox 837 1414 1013 1490; x_wconf 88' lang='lat' dir='ltr'><strong>stipatorum</strong></span> <span class='ocrx_word' id='word_1_101' title='bbox 1032 1412 1173 1490; x_wconf 77' lang='lat' dir='ltr'><strong>gregibus</strong></span> <span class='ocrx_word' id='word_1_102' title='bbox 1195 1432 1233 1473; x_wconf 86' lang='lat' dir='ltr'><strong>ae</strong></span> <span class='ocrx_word' id='word_1_103' title='bbox 1256 1432 1433 1475; x_wconf 87' lang='lat' dir='ltr'><strong>numeroso</strong></span> <span class='ocrx_word' id='word_1_104' title='bbox 1448 1424 1499 1475; x_wconf 79' lang='lat' dir='ltr'><strong>ter·</strong></span> <span class='ocrx_word' id='word_1_105' title='bbox 1509 1433 1527 1473; x_wconf 89' lang='grc' dir='ltr'><strong>ιι</strong></span> 
     </span>
     <span class='ocr_line' id='line_1_12' title="bbox 194 1512 1500 1594; baseline -0.001 -17"><span class='ocrx_word' id='word_1_106' title='bbox 194 1520 239 1594; x_wconf 87' lang='lat' dir='ltr'><strong>gis</strong></span> <span class='ocrx_word' id='word_1_107' title='bbox 267 1516 427 1576; x_wconf 70' lang='lat' dir='ltr'><strong>intrauere</strong></span> <span class='ocrx_word' id='word_1_108' title='bbox 456 1513 590 1574; x_wconf 73' lang='lat' dir='ltr'><strong>satellitio</strong></span> <span class='ocrx_word' id='word_1_109' title='bbox 620 1515 811 1574; x_wconf 74' lang='lat' dir='ltr'><strong>ceremonias</strong></span> <span class='ocrx_word' id='word_1_110' title='bbox 839 1513 951 1573; x_wconf 87' lang='lat' dir='ltr'><strong>inlerre</strong></span> <span class='ocrx_word' id='word_1_111' title='bbox 975 1513 1062 1574; x_wconf 89' lang='lat' dir='ltr'><strong>nobis</strong></span> <span class='ocrx_word' id='word_1_112' title='bbox 1091 1512 1249 1592; x_wconf 84' lang='lat' dir='ltr'><strong>plusquam</strong></span> <span class='ocrx_word' id='word_1_113' title='bbox 1281 1516 1444 1586; x_wconf 79' lang='lat' dir='ltr'><strong>ludaicas,</strong></span> <span class='ocrx_word' id='word_1_114' title='bbox 1471 1534 1500 1576; x_wconf 83' lang='lat' dir='ltr'><strong>ae</strong></span> 
     </span>
     <span class='ocr_line' id='line_1_13' title="bbox 196 1613 1501 1697; baseline 0.003 -22"><span class='ocrx_word' id='word_1_115' title='bbox 196 1619 386 1697; x_wconf 87' lang='lat' dir='ltr'><strong>peregrinum</strong></span> <span class='ocrx_word' id='word_1_116' title='bbox 409 1614 549 1694; x_wconf 84' lang='lat' dir='ltr'><strong>quiddam</strong></span> <span class='ocrx_word' id='word_1_117' title='bbox 582 1616 658 1675; x_wconf 89' lang='lat' dir='ltr'><strong>iuter</strong></span> <span class='ocrx_word' id='word_1_118' title='bbox 685 1634 770 1676; x_wconf 86' lang='lat' dir='ltr'><strong>saera</strong></span> <span class='ocrx_word' id='word_1_119' title='bbox 799 1613 984 1691; x_wconf 82' lang='lat' dir='ltr'><strong>gesticulari,</strong></span> <span class='ocrx_word' id='word_1_120' title='bbox 1013 1615 1169 1693; x_wconf 88' lang='lat' dir='ltr'><strong>aliquando</strong></span> <span class='ocrx_word' id='word_1_121' title='bbox 1192 1634 1289 1676; x_wconf 88' lang='lat' dir='ltr'><strong>noras</strong></span> <span class='ocrx_word' id='word_1_122' title='bbox 1312 1619 1413 1679; x_wconf 83' lang='lat' dir='ltr'><strong>terias</strong></span> <span class='ocrx_word' id='word_1_123' title='bbox 1434 1619 1501 1679; x_wconf 86' lang='lat' dir='ltr'><strong>indi·</strong></span> 
     </span>
     <span class='ocr_line' id='line_1_14' title="bbox 194 1716 1500 1798; baseline -0.002 -17"><span class='ocrx_word' id='word_1_124' title='bbox 194 1738 281 1787; x_wconf 87' lang='lat' dir='ltr'><strong>eere,</strong></span> <span class='ocrx_word' id='word_1_125' title='bbox 312 1724 363 1779; x_wconf 91' lang='lat' dir='ltr'><strong>aut</strong></span> <span class='ocrx_word' id='word_1_126' title='bbox 383 1716 604 1777; x_wconf 84' lang='lat' dir='ltr'><strong>obsecrationes</strong></span> <span class='ocrx_word' id='word_1_127' title='bbox 626 1734 699 1795; x_wconf 88' lang='lat' dir='ltr'><strong>quas</strong></span> <span class='ocrx_word' id='word_1_128' title='bbox 721 1718 839 1778; x_wconf 89' lang='lat' dir='ltr'><strong>Porsioo</strong></span> <span class='ocrx_word' id='word_1_129' title='bbox 868 1735 936 1779; x_wconf 86' lang='lat' dir='ltr'><strong>euru</strong></span> <span class='ocrx_word' id='word_1_130' title='bbox 963 1724 1106 1794; x_wconf 85' lang='lat' dir='ltr'><strong>apparatu</strong></span> <span class='ocrx_word' id='word_1_131' title='bbox 1136 1724 1285 1794; x_wconf 78' lang='lat' dir='ltr'><strong>praeeant,</strong></span> <span class='ocrx_word' id='word_1_132' title='bbox 1316 1736 1408 1797; x_wconf 81' lang='lat' dir='ltr'><strong>saepe</strong></span> <span class='ocrx_word' id='word_1_133' title='bbox 1428 1720 1500 1798; x_wconf 88' lang='lat' dir='ltr'><strong>quod</strong></span> 
     </span>
     <span class='ocr_line' id='line_1_15' title="bbox 194 1817 1500 1901; baseline 0 -20"><span class='ocrx_word' id='word_1_134' title='bbox 194 1839 249 1901; x_wconf 91' lang='lat' dir='ltr'><strong>per</strong></span> <span class='ocrx_word' id='word_1_135' title='bbox 270 1836 406 1879; x_wconf 88' lang='lat' dir='ltr'><strong>somnum</strong></span> <span class='ocrx_word' id='word_1_136' title='bbox 431 1819 578 1896; x_wconf 86' lang='lat' dir='ltr'><strong>imaginati</strong></span> <span class='ocrx_word' id='word_1_137' title='bbox 601 1826 669 1879; x_wconf 84' lang='lat' dir='ltr'><strong>suut</strong></span> <span class='ocrx_word' id='word_1_138' title='bbox 691 1821 773 1898; x_wconf 86' lang='lat' dir='ltr'><strong>quasi</strong></span> <span class='ocrx_word' id='word_1_139' title='bbox 797 1819 933 1878; x_wconf 85' lang='lat' dir='ltr'><strong>divinitus</strong></span> <span class='ocrx_word' id='word_1_140' title='bbox 955 1817 1115 1879; x_wconf 82' lang='lat' dir='ltr'><strong>revelatum</strong></span> <span class='ocrx_word' id='word_1_141' title='bbox 1139 1819 1255 1894; x_wconf 87' lang='lat' dir='ltr'><strong>maguis</strong></span> <span class='ocrx_word' id='word_1_142' title='bbox 1272 1838 1347 1880; x_wconf 84' lang='lat' dir='ltr'><strong>eum</strong></span> <span class='ocrx_word' id='word_1_143' title='bbox 1365 1820 1500 1883; x_wconf 86' lang='lat' dir='ltr'><strong>elamori-</strong></span> 
     </span>
     <span class='ocr_line' id='line_1_16' title="bbox 196 1918 1528 2001; baseline -0.003 -18"><span class='ocrx_word' id='word_1_144' title='bbox 196 1923 255 1984; x_wconf 90' lang='lat' dir='ltr'><strong>bus</strong></span> <span class='ocrx_word' id='word_1_145' title='bbox 284 1921 462 2000; x_wconf 64' lang='lat' dir='ltr'><strong>praedicare,</strong></span> <span class='ocrx_word' id='word_1_146' title='bbox 492 1937 528 1980; x_wconf 86' lang='lat' dir='ltr'><strong>ac</strong></span> <span class='ocrx_word' id='word_1_147' title='bbox 555 1919 690 1998; x_wconf 88' lang='lat' dir='ltr'><strong>prodigia</strong></span> <span class='ocrx_word' id='word_1_148' title='bbox 717 1920 829 1996; x_wconf 85' lang='lat' dir='ltr'><strong>surgere</strong></span> <span class='ocrx_word' id='word_1_149' title='bbox 851 1920 945 1997; x_wconf 87' lang='lat' dir='ltr'><strong>ipsos,</strong></span> <span class='ocrx_word' id='word_1_150' title='bbox 974 1927 1002 1980; x_wconf 91' lang='lat' dir='ltr'><strong>et</strong></span> <span class='ocrx_word' id='word_1_151' title='bbox 1030 1918 1149 1980; x_wconf 83' lang='lat' dir='ltr'><strong>oracula</strong></span> <span class='ocrx_word' id='word_1_152' title='bbox 1171 1919 1346 1989; x_wconf 86' lang='lat' dir='ltr'><strong>instituere,</strong></span> <span class='ocrx_word' id='word_1_153' title='bbox 1373 1931 1528 2001; x_wconf 69' lang='lat' dir='ltr'><strong>questore</strong></span> 
     </span>
     <span class='ocr_line' id='line_1_17' title="bbox 124 2020 1499 2100; baseline 0.001 -19"><span class='ocrx_word' id='word_1_154' title='bbox 124 2046 307 2099; x_wconf 48' lang='lat' dir='ltr'><strong>generarunt</strong></span> <span class='ocrx_word' id='word_1_155' title='bbox 323 2055 376 2079; x_wconf 64' lang='lat' dir='ltr'><strong>nan-</strong></span> <span class='ocrx_word' id='word_1_156' title='bbox 424 2039 458 2080; x_wconf 89' lang='lat' dir='ltr'><strong>ac</strong></span> <span class='ocrx_word' id='word_1_157' title='bbox 480 2020 555 2081; x_wconf 86' lang='lat' dir='ltr'><strong>lucri</strong></span> <span class='ocrx_word' id='word_1_158' title='bbox 577 2022 669 2098; x_wconf 89' lang='lat' dir='ltr'><strong>gratia</strong></span> <span class='ocrx_word' id='word_1_159' title='bbox 693 2021 791 2081; x_wconf 90' lang='lat' dir='ltr'><strong>lacere</strong></span> <span class='ocrx_word' id='word_1_160' title='bbox 813 2028 842 2081; x_wconf 90' lang='lat' dir='ltr'><strong>et</strong></span> <span class='ocrx_word' id='word_1_161' title='bbox 865 2020 972 2081; x_wconf 87' lang='lat' dir='ltr'><strong>dooere</strong></span> <span class='ocrx_word' id='word_1_162' title='bbox 995 2022 1100 2080; x_wconf 91' lang='lat' dir='ltr'><strong>omnia.</strong></span> <span class='ocrx_word' id='word_1_163' title='bbox 1145 2020 1214 2080; x_wconf 83' lang='lat' dir='ltr'><strong>llaec</strong></span> <span class='ocrx_word' id='word_1_164' title='bbox 1240 2021 1371 2100; x_wconf 89' lang='lat' dir='ltr'><strong>inquam</strong></span> <span class='ocrx_word' id='word_1_165' title='bbox 1402 2026 1429 2085; x_wconf 90' lang='lat' dir='ltr'><strong>si</strong></span> <span class='ocrx_word' id='word_1_166' title='bbox 1455 2044 1499 2084; x_wconf 79' lang='lat' dir='ltr'><strong>eo</strong></span> 
     </span>
     <span class='ocr_line' id='line_1_18' title="bbox 195 2067 1500 2201; baseline 0.002 -21"><span class='ocrx_word' id='word_1_167' title='bbox 195 2093 265 2173; x_wconf 67' lang='lat' dir='ltr'><strong>{trid</strong></span> <span class='ocrx_word' id='word_1_168' title='bbox 290 2091 378 2131; x_wconf 50' lang='lat' dir='ltr'><strong>‘&#39;mm&#39;&#39;</strong></span> <span class='ocrx_word' id='word_1_169' title='bbox 400 2067 546 2198; x_wconf 85' lang='lat' dir='ltr'><strong>lgnoseat</strong></span> <span class='ocrx_word' id='word_1_170' title='bbox 568 2123 633 2199; x_wconf 88' lang='lat' dir='ltr'><strong>quis</strong></span> <span class='ocrx_word' id='word_1_171' title='bbox 655 2130 684 2183; x_wconf 91' lang='lat' dir='ltr'><strong>et</strong></span> <span class='ocrx_word' id='word_1_172' title='bbox 707 2141 776 2182; x_wconf 89' lang='lat' dir='ltr'><strong>vero</strong></span> <span class='ocrx_word' id='word_1_173' title='bbox 798 2123 912 2199; x_wconf 86' lang='lat' dir='ltr'><strong>pietatis</strong></span> <span class='ocrx_word' id='word_1_174' title='bbox 940 2121 1002 2184; x_wconf 88' lang='lat' dir='ltr'><strong>zelo</strong></span> <span class='ocrx_word' id='word_1_175' title='bbox 1030 2122 1212 2198; x_wconf 79' lang='lat' dir='ltr'><strong>indignetur,</strong></span> <span class='ocrx_word' id='word_1_176' title='bbox 1241 2122 1334 2183; x_wconf 88' lang='lat' dir='ltr'><strong>debet</strong></span> <span class='ocrx_word' id='word_1_177' title='bbox 1367 2125 1500 2201; x_wconf 80' lang='lat' dir='ltr'><strong>prolecto</strong></span> 
     </span>
     <span class='ocr_line' id='line_1_19' title="bbox 194 2219 1500 2301; baseline 0.002 -21"><span class='ocrx_word' id='word_1_178' title='bbox 194 2221 288 2301; x_wconf 48' lang='lat'><strong>2333&amp;</strong></span> <span class='ocrx_word' id='word_1_179' title='bbox 301 2230 346 2256; x_wconf 76' lang='lat'>⁰⁰¹¹·</span> <span class='ocrx_word' id='word_1_180' title='bbox 369 2219 377 2290; x_wconf 96' lang='grc' dir='ltr'>Ι</span> <span class='ocrx_word' id='word_1_181' title='bbox 400 2229 541 2298; x_wconf 69' lang='lat' dir='ltr'><strong>quamtum</strong></span> <span class='ocrx_word' id='word_1_182' title='bbox 571 2224 680 2300; x_wconf 90' lang='lat' dir='ltr'><strong>poterit</strong></span> <span class='ocrx_word' id='word_1_183' title='bbox 707 2230 739 2282; x_wconf 91' lang='lat' dir='ltr'><strong>ut</strong></span> <span class='ocrx_word' id='word_1_184' title='bbox 765 2222 916 2284; x_wconf 85' lang='lat' dir='ltr'><strong>aboleatur</strong></span> <span class='ocrx_word' id='word_1_185' title='bbox 943 2222 1019 2283; x_wconf 87' lang='lat' dir='ltr'><strong>mala</strong></span> <span class='ocrx_word' id='word_1_186' title='bbox 1043 2223 1242 2290; x_wconf 82' lang='lat' dir='ltr'><strong>consuetudo,</strong></span> <span class='ocrx_word' id='word_1_187' title='bbox 1275 2225 1332 2301; x_wconf 92' lang='lat' dir='ltr'><strong>ipsi</strong></span> <span class='ocrx_word' id='word_1_188' title='bbox 1357 2227 1500 2291; x_wconf 83' lang='lat' dir='ltr'><strong>authores</strong></span> 
     </span>
     <span class='ocr_line' id='line_1_20' title="bbox 194 2322 1498 2401; baseline 0.001 -15"><span class='ocrx_word' id='word_1_189' title='bbox 194 2327 349 2401; x_wconf 80' lang='lat' dir='ltr'><strong>exigantur</strong></span> <span class='ocrx_word' id='word_1_190' title='bbox 378 2322 482 2390; x_wconf 81' lang='lat' dir='ltr'><strong>aderiti,</strong></span> <span class='ocrx_word' id='word_1_191' title='bbox 506 2329 535 2381; x_wconf 90' lang='lat' dir='ltr'><strong>et</strong></span> <span class='ocrx_word' id='word_1_192' title='bbox 556 2340 677 2400; x_wconf 87' lang='lat' dir='ltr'><strong>operam</strong></span> <span class='ocrx_word' id='word_1_193' title='bbox 700 2324 770 2385; x_wconf 90' lang='lat' dir='ltr'><strong>dare</strong></span> <span class='ocrx_word' id='word_1_194' title='bbox 792 2343 875 2385; x_wconf 82' lang='lat' dir='ltr'><strong>suani</strong></span> <span class='ocrx_word' id='word_1_195' title='bbox 898 2332 930 2385; x_wconf 91' lang='grc' dir='ltr'><strong>ιιι</strong></span> <span class='ocrx_word' id='word_1_196' title='bbox 951 2326 980 2384; x_wconf 92' lang='lat' dir='ltr'><strong>iu</strong></span> <span class='ocrx_word' id='word_1_197' title='bbox 1001 2323 1105 2385; x_wconf 87' lang='lat' dir='ltr'><strong>melius</strong></span> <span class='ocrx_word' id='word_1_198' title='bbox 1135 2325 1197 2385; x_wconf 85' lang='lat' dir='ltr'><strong>baee</strong></span> <span class='ocrx_word' id='word_1_199' title='bbox 1222 2326 1442 2387; x_wconf 87' lang='lat' dir='ltr'><strong>restituantur:</strong></span> <span class='ocrx_word' id='word_1_200' title='bbox 1465 2327 1498 2386; x_wconf 82' lang='lat' dir='ltr'><strong>da</strong></span> 
     </span>
     <span class='ocr_line' id='line_1_21' title="bbox 195 2423 1526 2505; baseline 0.004 -19"><span class='ocrx_word' id='word_1_201' title='bbox 195 2426 266 2486; x_wconf 83' lang='lat' dir='ltr'><strong>inibi</strong></span> <span class='ocrx_word' id='word_1_202' title='bbox 289 2442 456 2504; x_wconf 83' lang='lat' dir='ltr'><strong>quenquam</strong></span> <span class='ocrx_word' id='word_1_203' title='bbox 472 2424 508 2483; x_wconf 91' lang='lat' dir='ltr'><strong>de</strong></span> <span class='ocrx_word' id='word_1_204' title='bbox 524 2423 651 2502; x_wconf 86' lang='lat' dir='ltr'><strong>imperio</strong></span> <span class='ocrx_word' id='word_1_205' title='bbox 667 2425 770 2486; x_wconf 88' lang='lat' dir='ltr'><strong>melius</strong></span> <span class='ocrx_word' id='word_1_206' title='bbox 785 2428 834 2505; x_wconf 92' lang='lat' dir='ltr'><strong>qui</strong></span> <span class='ocrx_word' id='word_1_207' title='bbox 850 2428 887 2486; x_wconf 87' lang='lat' dir='ltr'><strong>sit</strong></span> <span class='ocrx_word' id='word_1_208' title='bbox 901 2428 1033 2495; x_wconf 71' lang='lat' dir='ltr'><strong>meritus</strong></span> <span class='ocrx_word' id='word_1_209' title='bbox 1051 2444 1139 2503; x_wconf 86' lang='lat' dir='ltr'><strong>quam</strong></span> <span class='ocrx_word' id='word_1_210' title='bbox 1154 2425 1211 2486; x_wconf 87' lang='lat' dir='ltr'><strong>boo</strong></span> <span class='ocrx_word' id='word_1_211' title='bbox 1227 2429 1278 2502; x_wconf 93' lang='lat' dir='ltr'><strong>qui</strong></span> <span class='ocrx_word' id='word_1_212' title='bbox 1295 2428 1390 2487; x_wconf 84' lang='lat' dir='ltr'><strong>iaciat</strong></span> <span class='ocrx_word' id='word_1_213' title='bbox 1407 2447 1526 2492; x_wconf 73' lang='lat' dir='ltr'><strong>nunes·</strong></span> 
     </span>
     <span class='ocr_line' id='line_1_22' title="bbox 127 2525 1499 2597; baseline 0.004 -12"><span class='ocrx_word' id='word_1_214' title='bbox 127 2536 188 2585; x_wconf 65' lang='lat' dir='ltr'><strong>§.ab</strong></span> <span class='ocrx_word' id='word_1_215' title='bbox 261 2545 412 2588; x_wconf 74' lang='lat' dir='ltr'><strong>nemeen.</strong></span> <span class='ocrx_word' id='word_1_216' title='bbox 450 2525 660 2586; x_wconf 84' lang='lat' dir='ltr'><strong>Honestissima</strong></span> <span class='ocrx_word' id='word_1_217' title='bbox 684 2527 768 2587; x_wconf 89' lang='lat' dir='ltr'><strong>rideo</strong></span> <span class='ocrx_word' id='word_1_218' title='bbox 791 2529 892 2588; x_wconf 82' lang='lat' dir='ltr'><strong>conari</strong></span> <span class='ocrx_word' id='word_1_219' title='bbox 916 2535 959 2597; x_wconf 84' lang='lat' dir='ltr'><strong>te,</strong></span> <span class='ocrx_word' id='word_1_220' title='bbox 983 2527 1082 2596; x_wconf 89' lang='lat' dir='ltr'><strong>rideo,</strong></span> <span class='ocrx_word' id='word_1_221' title='bbox 1106 2529 1149 2587; x_wconf 89' lang='lat' dir='ltr'><strong>sie</strong></span> <span class='ocrx_word' id='word_1_222' title='bbox 1170 2546 1217 2587; x_wconf 89' lang='lat' dir='ltr'><strong>me</strong></span> <span class='ocrx_word' id='word_1_223' title='bbox 1239 2526 1289 2587; x_wconf 92' lang='lat' dir='ltr'><strong>ille</strong></span> <span class='ocrx_word' id='word_1_224' title='bbox 1312 2538 1419 2591; x_wconf 78' lang='lat' dir='ltr'><strong>servet</strong></span> <span class='ocrx_word' id='word_1_225' title='bbox 1433 2531 1499 2590; x_wconf 87' lang='lat' dir='ltr'><strong>Ser·</strong></span> 
     </span>
    </p>
   </div>
   <div class='ocr_carea' id='block_1_3' title="bbox 197 2625 1499 2704">
    <p class='ocr_par' dir='ltr' id='par_1_3' title="bbox 197 2625 1499 2704">
     <span class='ocr_line' id='line_1_23' title="bbox 197 2625 1499 2704; baseline 0.001 -14"><span class='ocrx_word' id='word_1_226' title='bbox 197 2637 278 2691; x_wconf 88' lang='lat' dir='ltr'><strong>vator</strong></span> <span class='ocrx_word' id='word_1_227' title='bbox 301 2627 448 2688; x_wconf 85' lang='lat' dir='ltr'><strong>Christus:</strong></span> <span class='ocrx_word' id='word_1_228' title='bbox 472 2645 569 2704; x_wconf 91' lang='lat' dir='ltr'><strong>neque</strong></span> <span class='ocrx_word' id='word_1_229' title='bbox 593 2635 637 2687; x_wconf 91' lang='lat' dir='ltr'><strong>est</strong></span> <span class='ocrx_word' id='word_1_230' title='bbox 658 2629 715 2688; x_wconf 78' lang='lat' dir='ltr'><strong>ianr</strong></span> <span class='ocrx_word' id='word_1_231' title='bbox 738 2625 833 2697; x_wconf 87' lang='lat' dir='ltr'><strong>ultra,</strong></span> <span class='ocrx_word' id='word_1_232' title='bbox 863 2647 918 2689; x_wconf 85' lang='lat' dir='ltr'><strong>eur</strong></span> <span class='ocrx_word' id='word_1_233' title='bbox 946 2627 1036 2688; x_wconf 90' lang='lat' dir='ltr'><strong>rerbe</strong></span> <span class='ocrx_word' id='word_1_234' title='bbox 1065 2628 1151 2689; x_wconf 82' lang='lat' dir='ltr'><strong>velim</strong></span> <span class='ocrx_word' id='word_1_235' title='bbox 1180 2628 1335 2690; x_wconf 84' lang='lat' dir='ltr'><strong>dehortari</strong></span> <span class='ocrx_word' id='word_1_236' title='bbox 1367 2639 1416 2701; x_wconf 89' lang='lat' dir='ltr'><strong>te,</strong></span> <span class='ocrx_word' id='word_1_237' title='bbox 1447 2633 1499 2693; x_wconf 86' lang='lat' dir='ltr'><strong>nisi</strong></span> 
     </span>
    </p>
   </div>
   <div class='ocr_carea' id='block_1_4' title="bbox 128 2727 1528 3297">
    <p class='ocr_par' dir='ltr' id='par_1_4' title="bbox 128 2727 1528 3297">
     <span class='ocr_line' id='line_1_24' title="bbox 195 2727 1501 2809; baseline 0.008 -26"><span class='ocrx_word' id='word_1_238' title='bbox 195 2746 312 2783; x_wconf 58' lang='lat' dir='ltr'><strong>ermion.</strong></span> <span class='ocrx_word' id='word_1_239' title='bbox 333 2737 340 2804; x_wconf 82' lang='grc' dir='ltr'>Ι</span> <span class='ocrx_word' id='word_1_240' title='bbox 364 2727 442 2805; x_wconf 91' lang='lat' dir='ltr'><strong>quod</strong></span> <span class='ocrx_word' id='word_1_241' title='bbox 465 2727 578 2788; x_wconf 88' lang='lat' dir='ltr'><strong>diversa</strong></span> <span class='ocrx_word' id='word_1_242' title='bbox 601 2730 689 2789; x_wconf 89' lang='lat' dir='ltr'><strong>sentit</strong></span> <span class='ocrx_word' id='word_1_243' title='bbox 704 2728 834 2798; x_wconf 87' lang='lat' dir='ltr'><strong>Carolus,</strong></span> <span class='ocrx_word' id='word_1_244' title='bbox 858 2732 906 2791; x_wconf 87' lang='lat' dir='ltr'><strong>eui</strong></span> <span class='ocrx_word' id='word_1_245' title='bbox 927 2729 1049 2809; x_wconf 88' lang='lat' dir='ltr'><strong>obsequi</strong></span> <span class='ocrx_word' id='word_1_246' title='bbox 1065 2730 1150 2792; x_wconf 88' lang='lat' dir='ltr'><strong>decet</strong></span> <span class='ocrx_word' id='word_1_247' title='bbox 1164 2737 1208 2799; x_wconf 89' lang='lat' dir='ltr'><strong>te,</strong></span> <span class='ocrx_word' id='word_1_248' title='bbox 1231 2749 1331 2809; x_wconf 89' lang='lat' dir='ltr'><strong>neque</strong></span> <span class='ocrx_word' id='word_1_249' title='bbox 1345 2733 1501 2795; x_wconf 79' lang='lat' dir='ltr'><strong>adversari</strong></span> 
     </span>
     <span class='ocr_line' id='line_1_25' title="bbox 197 2847 330 2911; baseline -0.023 -19"><span class='ocrx_word' id='word_1_250' title='bbox 197 2847 330 2911; x_wconf 78' lang='lat' dir='ltr'><strong>usqmm.</strong></span> 
     </span>
     <span class='ocr_line' id='line_1_26' title="bbox 258 2931 1528 3012; baseline 0.003 -18"><span class='ocrx_word' id='word_1_251' title='bbox 258 2950 459 2994; x_wconf 71' lang='lat' dir='ltr'><strong>rememores.</strong></span> <span class='ocrx_word' id='word_1_252' title='bbox 498 2931 535 2990; x_wconf 80' lang='lat' dir='ltr'><strong>dt</strong></span> <span class='ocrx_word' id='word_1_253' title='bbox 562 2949 609 2991; x_wconf 90' lang='lat' dir='ltr'><strong>me</strong></span> <span class='ocrx_word' id='word_1_254' title='bbox 638 2949 708 2991; x_wconf 89' lang='lat' dir='ltr'><strong>reru</strong></span> <span class='ocrx_word' id='word_1_255' title='bbox 736 2934 868 2992; x_wconf 90' lang='lat' dir='ltr'><strong>omnium</strong></span> <span class='ocrx_word' id='word_1_256' title='bbox 896 2934 1016 2994; x_wconf 90' lang='lat' dir='ltr'><strong>minime</strong></span> <span class='ocrx_word' id='word_1_257' title='bbox 1044 2934 1121 2994; x_wconf 89' lang='lat' dir='ltr'><strong>istud</strong></span> <span class='ocrx_word' id='word_1_258' title='bbox 1149 2953 1165 2993; x_wconf 95' lang='lat' dir='ltr'><strong>a</strong></span> <span class='ocrx_word' id='word_1_259' title='bbox 1194 2935 1349 3012; x_wconf 82' lang='lat' dir='ltr'><strong>proposito</strong></span> <span class='ocrx_word' id='word_1_260' title='bbox 1374 2936 1496 2998; x_wconf 80' lang='lat' dir='ltr'><strong>detinet</strong></span> <span class='ocrx_word' id='word_1_261' title='bbox 1505 2966 1528 3005; x_wconf 60' lang='grc' dir='ltr'>ιι</span> 
     </span>
     <span class='ocr_line' id='line_1_27' title="bbox 197 3032 1499 3117; baseline 0.005 -24"><span class='ocrx_word' id='word_1_262' title='bbox 197 3035 279 3094; x_wconf 87' lang='lat' dir='ltr'><strong>euius</strong></span> <span class='ocrx_word' id='word_1_263' title='bbox 302 3041 334 3094; x_wconf 91' lang='grc' dir='ltr'><strong>ιιι</strong></span> <span class='ocrx_word' id='word_1_264' title='bbox 356 3039 453 3110; x_wconf 85' lang='lat' dir='ltr'><strong>pateat</strong></span> <span class='ocrx_word' id='word_1_265' title='bbox 475 3033 549 3092; x_wconf 88' lang='lat' dir='ltr'><strong>ratio</strong></span> <span class='ocrx_word' id='word_1_266' title='bbox 579 3032 646 3100; x_wconf 88' lang='lat' dir='ltr'><strong>tibi,</strong></span> <span class='ocrx_word' id='word_1_267' title='bbox 677 3033 757 3093; x_wconf 87' lang='lat' dir='ltr'><strong>rides</strong></span> <span class='ocrx_word' id='word_1_268' title='bbox 780 3034 829 3113; x_wconf 90' lang='lat' dir='ltr'><strong>qui</strong></span> <span class='ocrx_word' id='word_1_269' title='bbox 852 3035 1006 3095; x_wconf 82' lang='lat' dir='ltr'><strong>aedilieieun</strong></span> <span class='ocrx_word' id='word_1_270' title='bbox 1029 3034 1205 3105; x_wconf 88' lang='lat' dir='ltr'><strong>moliuntur,</strong></span> <span class='ocrx_word' id='word_1_271' title='bbox 1234 3054 1315 3115; x_wconf 69' lang='lat' dir='ltr'><strong>saepe</strong></span> <span class='ocrx_word' id='word_1_272' title='bbox 1338 3036 1499 3117; x_wconf 84' lang='lat' dir='ltr'><strong>diligenter</strong></span> 
     </span>
     <span class='ocr_line' id='line_1_28' title="bbox 198 3133 1118 3214; baseline 0 -19"><span class='ocrx_word' id='word_1_273' title='bbox 198 3135 291 3197; x_wconf 84' lang='lat' dir='ltr'><strong>inulte</strong></span> <span class='ocrx_word' id='word_1_274' title='bbox 313 3142 381 3195; x_wconf 92' lang='lat' dir='ltr'><strong>aute</strong></span> <span class='ocrx_word' id='word_1_275' title='bbox 404 3133 495 3193; x_wconf 84' lang='lat' dir='ltr'><strong>luteui</strong></span> <span class='ocrx_word' id='word_1_276' title='bbox 517 3135 616 3212; x_wconf 86' lang='lat' dir='ltr'><strong>operis</strong></span> <span class='ocrx_word' id='word_1_277' title='bbox 638 3142 773 3212; x_wconf 86' lang='lat' dir='ltr'><strong>sumptus</strong></span> <span class='ocrx_word' id='word_1_278' title='bbox 795 3144 899 3214; x_wconf 87' lang='lat' dir='ltr'><strong>putare</strong></span> <span class='ocrx_word' id='word_1_279' title='bbox 922 3142 1043 3197; x_wconf 74' lang='lat' dir='ltr'><strong>seeum?</strong></span> <span class='ocrx_word' id='word_1_280' title='bbox 1114 3141 1118 3149; x_wconf 90' lang='lat'><em>&#39;</em></span> 
     </span>
     <span class='ocr_line' id='line_1_29' title="bbox 128 3233 547 3297; baseline -0.007 -1"><span class='ocrx_word' id='word_1_281' title='bbox 128 3246 186 3296; x_wconf 77' lang='lat' dir='ltr'><strong>§.te</strong></span> <span class='ocrx_word' id='word_1_282' title='bbox 259 3256 410 3297; x_wconf 78' lang='lat' dir='ltr'><strong>neutros.</strong></span> <span class='ocrx_word' id='word_1_283' title='bbox 449 3233 547 3295; x_wconf 82' lang='lat' dir='ltr'><strong>video.</strong></span> 
     </span>
    </p>
   </div>
   <div class='ocr_carea' id='block_1_5' title="bbox 130 3336 1525 4228">
    <p class='ocr_par' dir='ltr' id='par_1_5' title="bbox 196 3336 1525 4025">
     <span class='ocr_line' id='line_1_30' title="bbox 259 3336 1496 3423; baseline 0.005 -24"><span class='ocrx_word' id='word_1_284' title='bbox 259 3356 459 3399; x_wconf 74' lang='lat' dir='ltr'><strong>remouere.</strong></span> <span class='ocrx_word' id='word_1_285' title='bbox 498 3336 559 3397; x_wconf 85' lang='lat' dir='ltr'><strong>Nee</strong></span> <span class='ocrx_word' id='word_1_286' title='bbox 582 3336 643 3406; x_wconf 91' lang='lat' dir='ltr'><strong>ille,</strong></span> <span class='ocrx_word' id='word_1_287' title='bbox 668 3339 692 3397; x_wconf 88' lang='lat' dir='ltr'><strong>si</strong></span> <span class='ocrx_word' id='word_1_288' title='bbox 715 3357 762 3399; x_wconf 89' lang='lat' dir='ltr'><strong>me</strong></span> <span class='ocrx_word' id='word_1_289' title='bbox 784 3340 897 3411; x_wconf 76' lang='lat' dir='ltr'><strong>audiat,</strong></span> <span class='ocrx_word' id='word_1_290' title='bbox 920 3358 1006 3401; x_wconf 87' lang='lat' dir='ltr'><strong>secus</strong></span> <span class='ocrx_word' id='word_1_291' title='bbox 1028 3339 1105 3401; x_wconf 84' lang='lat' dir='ltr'><strong>liano</strong></span> <span class='ocrx_word' id='word_1_292' title='bbox 1120 3359 1184 3403; x_wconf 86' lang='lat' dir='ltr'><strong>rem</strong></span> <span class='ocrx_word' id='word_1_293' title='bbox 1200 3340 1421 3418; x_wconf 73' lang='lat' dir='ltr'><strong>consyderabit,</strong></span> <span class='ocrx_word' id='word_1_294' title='bbox 1445 3363 1496 3423; x_wconf 89' lang='lat' dir='ltr'><strong>ap·</strong></span> 
     </span>
     <span class='ocr_line' id='line_1_31' title="bbox 196 3440 1525 3520; baseline 0.004 -17"><span class='ocrx_word' id='word_1_295' title='bbox 196 3441 353 3519; x_wconf 80' lang='lat' dir='ltr'><strong>persisque</strong></span> <span class='ocrx_word' id='word_1_296' title='bbox 382 3445 483 3499; x_wconf 81' lang='lat' dir='ltr'><strong>exacte</strong></span> <span class='ocrx_word' id='word_1_297' title='bbox 507 3456 571 3517; x_wconf 77' lang='lat' dir='ltr'><strong>quae</strong></span> <span class='ocrx_word' id='word_1_298' title='bbox 594 3447 718 3516; x_wconf 86' lang='lat' dir='ltr'><strong>possunt</strong></span> <span class='ocrx_word' id='word_1_299' title='bbox 741 3442 872 3510; x_wconf 80' lang='lat' dir='ltr'><strong>evenire,</strong></span> <span class='ocrx_word' id='word_1_300' title='bbox 901 3440 958 3501; x_wconf 90' lang='lat' dir='ltr'><strong>boe</strong></span> <span class='ocrx_word' id='word_1_301' title='bbox 981 3441 1081 3511; x_wconf 84' lang='lat' dir='ltr'><strong>laeiet,</strong></span> <span class='ocrx_word' id='word_1_302' title='bbox 1104 3461 1164 3503; x_wconf 90' lang='lat' dir='ltr'><strong>nou</strong></span> <span class='ocrx_word' id='word_1_303' title='bbox 1186 3441 1265 3520; x_wconf 91' lang='lat' dir='ltr'><strong>qued</strong></span> <span class='ocrx_word' id='word_1_304' title='bbox 1288 3441 1390 3504; x_wconf 88' lang='lat' dir='ltr'><strong>lacere</strong></span> <span class='ocrx_word' id='word_1_305' title='bbox 1414 3464 1525 3509; x_wconf 77' lang='lat' dir='ltr'><strong>aunon</strong></span> 
     </span>
     <span class='ocr_line' id='line_1_32' title="bbox 196 3537 1496 3623; baseline 0.007 -26"><span class='ocrx_word' id='word_1_306' title='bbox 196 3537 403 3618; x_wconf 41' lang='lat' dir='ltr'><strong>mmm,</strong></span> <span class='ocrx_word' id='word_1_307' title='bbox 427 3554 434 3623; x_wconf 77' lang='grc' dir='ltr'>Ι</span> <span class='ocrx_word' id='word_1_308' title='bbox 457 3538 532 3609; x_wconf 87' lang='lat' dir='ltr'><strong>rnlt,</strong></span> <span class='ocrx_word' id='word_1_309' title='bbox 556 3539 607 3600; x_wconf 89' lang='lat' dir='ltr'><strong>sed</strong></span> <span class='ocrx_word' id='word_1_310' title='bbox 631 3541 710 3618; x_wconf 90' lang='lat' dir='ltr'><strong>quod</strong></span> <span class='ocrx_word' id='word_1_311' title='bbox 733 3542 837 3602; x_wconf 73' lang='lat' dir='ltr'><strong>lesisse</strong></span> <span class='ocrx_word' id='word_1_312' title='bbox 860 3541 928 3601; x_wconf 90' lang='lat' dir='ltr'><strong>olim</strong></span> <span class='ocrx_word' id='word_1_313' title='bbox 947 3542 1031 3603; x_wconf 89' lang='lat' dir='ltr'><strong>rolet.</strong></span> <span class='ocrx_word' id='word_1_314' title='bbox 1068 3560 1209 3620; x_wconf 86' lang='lat' dir='ltr'><strong>egerere</strong></span> <span class='ocrx_word' id='word_1_315' title='bbox 1225 3544 1312 3603; x_wconf 86' lang='lat' dir='ltr'><strong>ollieii</strong></span> <span class='ocrx_word' id='word_1_316' title='bbox 1328 3545 1409 3606; x_wconf 91' lang='lat' dir='ltr'><strong>duoo</strong></span> <span class='ocrx_word' id='word_1_317' title='bbox 1425 3564 1496 3607; x_wconf 87' lang='lat' dir='ltr'><strong>oon·</strong></span> 
     </span>
     <span class='ocr_line' id='line_1_33' title="bbox 196 3641 1495 3724; baseline 0.005 -22"><span class='ocrx_word' id='word_1_318' title='bbox 196 3641 294 3703; x_wconf 85' lang='lat' dir='ltr'><strong>sedere</strong></span> <span class='ocrx_word' id='word_1_319' title='bbox 316 3641 355 3702; x_wconf 90' lang='lat' dir='ltr'><strong>illi</strong></span> <span class='ocrx_word' id='word_1_320' title='bbox 378 3658 437 3700; x_wconf 87' lang='lat' dir='ltr'><strong>nou</strong></span> <span class='ocrx_word' id='word_1_321' title='bbox 460 3641 539 3718; x_wconf 92' lang='lat' dir='ltr'><strong>quod</strong></span> <span class='ocrx_word' id='word_1_322' title='bbox 562 3643 591 3701; x_wconf 93' lang='lat' dir='ltr'><strong>in</strong></span> <span class='ocrx_word' id='word_1_323' title='bbox 613 3659 743 3718; x_wconf 77' lang='lat' dir='ltr'><strong>presens</strong></span> <span class='ocrx_word' id='word_1_324' title='bbox 764 3642 893 3721; x_wconf 87' lang='lat' dir='ltr'><strong>placeat,</strong></span> <span class='ocrx_word' id='word_1_325' title='bbox 917 3644 969 3705; x_wconf 87' lang='lat' dir='ltr'><strong>sed</strong></span> <span class='ocrx_word' id='word_1_326' title='bbox 992 3653 1136 3722; x_wconf 89' lang='lat' dir='ltr'><strong>perpetuo</strong></span> <span class='ocrx_word' id='word_1_327' title='bbox 1158 3644 1237 3724; x_wconf 91' lang='lat' dir='ltr'><strong>quud</strong></span> <span class='ocrx_word' id='word_1_328' title='bbox 1254 3647 1362 3723; x_wconf 88' lang='lat' dir='ltr'><strong>presit,</strong></span> <span class='ocrx_word' id='word_1_329' title='bbox 1385 3665 1425 3708; x_wconf 86' lang='lat' dir='ltr'><strong>ae</strong></span> <span class='ocrx_word' id='word_1_330' title='bbox 1439 3651 1495 3709; x_wconf 89' lang='lat' dir='ltr'><strong>eti·</strong></span> 
     </span>
     <span class='ocr_line' id='line_1_34' title="bbox 197 3742 1494 3829; baseline 0.004 -24"><span class='ocrx_word' id='word_1_331' title='bbox 197 3744 308 3805; x_wconf 88' lang='lat' dir='ltr'><strong>litatem</strong></span> <span class='ocrx_word' id='word_1_332' title='bbox 331 3742 527 3821; x_wconf 77' lang='lat' dir='ltr'><strong>eousyderare</strong></span> <span class='ocrx_word' id='word_1_333' title='bbox 551 3745 614 3804; x_wconf 87' lang='lat' dir='ltr'><strong>eius</strong></span> <span class='ocrx_word' id='word_1_334' title='bbox 636 3743 683 3802; x_wconf 88' lang='lat' dir='ltr'><strong>eui</strong></span> <span class='ocrx_word' id='word_1_335' title='bbox 706 3743 880 3822; x_wconf 88' lang='lat' dir='ltr'><strong>obsequium</strong></span> <span class='ocrx_word' id='word_1_336' title='bbox 903 3754 1025 3824; x_wconf 76' lang='lat' dir='ltr'><strong>presto,</strong></span> <span class='ocrx_word' id='word_1_337' title='bbox 1056 3747 1140 3807; x_wconf 87' lang='lat' dir='ltr'><strong>euius</strong></span> <span class='ocrx_word' id='word_1_338' title='bbox 1169 3749 1234 3807; x_wconf 78' lang='lat' dir='ltr'><strong>ueni</strong></span> <span class='ocrx_word' id='word_1_339' title='bbox 1262 3749 1351 3806; x_wconf 79' lang='lat' dir='ltr'><strong>ritant</strong></span> <span class='ocrx_word' id='word_1_340' title='bbox 1374 3766 1494 3829; x_wconf 89' lang='lat' dir='ltr'><strong>quoque</strong></span> 
     </span>
     <span class='ocr_line' id='line_1_35' title="bbox 198 3842 1494 3928; baseline 0.005 -22"><span class='ocrx_word' id='word_1_341' title='bbox 198 3843 369 3923; x_wconf 87' lang='lat' dir='ltr'><strong>impendere</strong></span> <span class='ocrx_word' id='word_1_342' title='bbox 391 3842 493 3903; x_wconf 86' lang='lat' dir='ltr'><strong>velim:</strong></span> <span class='ocrx_word' id='word_1_343' title='bbox 516 3843 563 3904; x_wconf 90' lang='lat' dir='ltr'><strong>dio</strong></span> <span class='ocrx_word' id='word_1_344' title='bbox 585 3842 656 3905; x_wconf 86' lang='lat' dir='ltr'><strong>mihi</strong></span> <span class='ocrx_word' id='word_1_345' title='bbox 680 3845 773 3914; x_wconf 89' lang='lat' dir='ltr'><strong>enim,</strong></span> <span class='ocrx_word' id='word_1_346' title='bbox 797 3846 820 3904; x_wconf 92' lang='lat' dir='ltr'><strong>si</strong></span> <span class='ocrx_word' id='word_1_347' title='bbox 843 3846 1024 3908; x_wconf 77' lang='lat' dir='ltr'><strong>febricitaret</strong></span> <span class='ocrx_word' id='word_1_348' title='bbox 1046 3846 1160 3917; x_wconf 78' lang='lat' dir='ltr'><strong>Caesar,</strong></span> <span class='ocrx_word' id='word_1_349' title='bbox 1183 3856 1212 3909; x_wconf 90' lang='lat' dir='ltr'><strong>et</strong></span> <span class='ocrx_word' id='word_1_350' title='bbox 1227 3848 1364 3924; x_wconf 77' lang='lat' dir='ltr'><strong>frigidam</strong></span> <span class='ocrx_word' id='word_1_351' title='bbox 1387 3868 1494 3928; x_wconf 87' lang='lat' dir='ltr'><strong>posce-</strong></span> 
     </span>
     <span class='ocr_line' id='line_1_36' title="bbox 198 3944 1524 4025; baseline 0.002 -19"><span class='ocrx_word' id='word_1_352' title='bbox 198 3954 259 4015; x_wconf 87' lang='lat' dir='ltr'><strong>ret,</strong></span> <span class='ocrx_word' id='word_1_353' title='bbox 284 3944 410 4006; x_wconf 86' lang='lat' dir='ltr'><strong>dandam</strong></span> <span class='ocrx_word' id='word_1_354' title='bbox 432 3944 487 4013; x_wconf 89' lang='lat' dir='ltr'><strong>illi,</strong></span> <span class='ocrx_word' id='word_1_355' title='bbox 510 3947 577 4024; x_wconf 85' lang='lat' dir='ltr'><strong>quie</strong></span> <span class='ocrx_word' id='word_1_356' title='bbox 601 3945 702 4016; x_wconf 79' lang='lat' dir='ltr'><strong>vellet,</strong></span> <span class='ocrx_word' id='word_1_357' title='bbox 726 3950 865 4025; x_wconf 75' lang='lat' dir='ltr'><strong>putares?</strong></span> <span class='ocrx_word' id='word_1_358' title='bbox 1501 3978 1524 4017; x_wconf 75' lang='lat' dir='ltr'><strong>u</strong></span> 
     </span>
    </p>

    <p class='ocr_par' dir='ltr' id='par_1_6' title="bbox 130 4047 1495 4228">
     <span class='ocr_line' id='line_1_37' title="bbox 130 4047 961 4125; baseline 0.004 -17"><span class='ocrx_word' id='word_1_359' title='bbox 130 4056 191 4107; x_wconf 66' lang='lat' dir='ltr'><strong>§.tt</strong></span> <span class='ocrx_word' id='word_1_360' title='bbox 262 4066 415 4108; x_wconf 73' lang='lat' dir='ltr'><strong>noanon.</strong></span> <span class='ocrx_word' id='word_1_361' title='bbox 453 4047 519 4107; x_wconf 90' lang='lat' dir='ltr'><strong>Nou</strong></span> <span class='ocrx_word' id='word_1_362' title='bbox 542 4055 692 4125; x_wconf 89' lang='lat' dir='ltr'><strong>putarem,</strong></span> <span class='ocrx_word' id='word_1_363' title='bbox 715 4051 812 4109; x_wconf 84' lang='lat' dir='ltr'><strong>sciens</strong></span> <span class='ocrx_word' id='word_1_364' title='bbox 835 4052 961 4111; x_wconf 82' lang='lat' dir='ltr'><strong>noxiam.</strong></span> 
     </span>
     <span class='ocr_line' id='line_1_38' title="bbox 260 4147 1495 4228; baseline 0.007 -19"><span class='ocrx_word' id='word_1_365' title='bbox 260 4165 462 4209; x_wconf 74' lang='lat' dir='ltr'><strong>remouens.</strong></span> <span class='ocrx_word' id='word_1_366' title='bbox 499 4147 601 4226; x_wconf 87' lang='lat' dir='ltr'><strong>Neque</strong></span> <span class='ocrx_word' id='word_1_367' title='bbox 623 4167 702 4210; x_wconf 89' lang='lat' dir='ltr'><strong>nuno</strong></span> <span class='ocrx_word' id='word_1_368' title='bbox 732 4151 924 4228; x_wconf 88' lang='lat' dir='ltr'><strong>persuadebis</strong></span> <span class='ocrx_word' id='word_1_369' title='bbox 950 4152 1037 4221; x_wconf 87' lang='lat' dir='ltr'><strong>milri,</strong></span> <span class='ocrx_word' id='word_1_370' title='bbox 1066 4159 1099 4213; x_wconf 93' lang='grc' dir='ltr'><strong>ιιι</strong></span> <span class='ocrx_word' id='word_1_371' title='bbox 1120 4152 1226 4213; x_wconf 88' lang='lat' dir='ltr'><strong>author</strong></span> <span class='ocrx_word' id='word_1_372' title='bbox 1247 4154 1303 4214; x_wconf 89' lang='lat' dir='ltr'><strong>sim</strong></span> <span class='ocrx_word' id='word_1_373' title='bbox 1325 4154 1386 4224; x_wconf 89' lang='lat' dir='ltr'><strong>rei,</strong></span> <span class='ocrx_word' id='word_1_374' title='bbox 1415 4174 1495 4218; x_wconf 86' lang='lat' dir='ltr'><strong>nune</strong></span> 
     </span>
    </p>
   </div>
   <div class='ocr_carea' id='block_1_6' title="bbox 199 4300 401 4311">
    <p class='ocr_par' dir='ltr' id='par_1_7' title="bbox 199 4300 401 4311">
     <span class='ocr_line' id='line_1_39' title="bbox 199 4300 401 4311; baseline -0.005 0"><span class='ocrx_word' id='word_1_375' title='bbox 199 4300 401 4311; x_wconf 70' lang='lat' dir='ltr'><strong>n--u———a-</strong></span> 
     </span>
    </p>
   </div>
   <div class='ocr_carea' id='block_1_7' title="bbox 199 4382 1496 4709">
    <p class='ocr_par' dir='ltr' id='par_1_8' title="bbox 199 4382 1496 4709">
     <span class='ocr_line' id='line_1_40' title="bbox 267 4382 1495 4455; baseline 0.009 -22"><span class='ocrx_word' id='word_1_376' title='bbox 267 4382 278 4416; x_wconf 79' lang='lat'><strong><em>⁴</em></strong></span> <span class='ocrx_word' id='word_1_377' title='bbox 297 4386 391 4447; x_wconf 79' lang='lat' dir='ltr'><strong>Quint.</strong></span> <span class='ocrx_word' id='word_1_378' title='bbox 405 4385 472 4434; x_wconf 87' lang='lat' dir='ltr'><strong>lust.</strong></span> <span class='ocrx_word' id='word_1_379' title='bbox 487 4401 525 4434; x_wconf 90' lang='lat' dir='ltr'><strong>or.</strong></span> <span class='ocrx_word' id='word_1_380' title='bbox 542 4384 615 4435; x_wconf 84' lang='lat' dir='ltr'><strong>Vlll.</strong></span> <span class='ocrx_word' id='word_1_381' title='bbox 629 4403 740 4451; x_wconf 85' lang='lat' dir='ltr'><strong>prooeru.</strong></span> <span class='ocrx_word' id='word_1_382' title='bbox 758 4387 796 4436; x_wconf 79' lang='lat' dir='ltr'><strong>lu.</strong></span> <span class='ocrx_word' id='word_1_383' title='bbox 818 4388 960 4454; x_wconf 75' lang='lat' dir='ltr'><strong>„Corpore</strong></span> <span class='ocrx_word' id='word_1_384' title='bbox 974 4426 991 4438; x_wconf 91' lang='lat'><strong>..</strong></span> <span class='ocrx_word' id='word_1_385' title='bbox 1006 4390 1091 4454; x_wconf 87' lang='lat' dir='ltr'><strong>siquis</strong></span> <span class='ocrx_word' id='word_1_386' title='bbox 1117 4388 1196 4440; x_wconf 82' lang='lat' dir='ltr'><strong>vulso</strong></span> <span class='ocrx_word' id='word_1_387' title='bbox 1215 4394 1299 4455; x_wconf 85' lang='lat' dir='ltr'><strong>utque</strong></span> <span class='ocrx_word' id='word_1_388' title='bbox 1319 4391 1420 4444; x_wconf 76' lang='lat' dir='ltr'><strong>tueare</strong></span> <span class='ocrx_word' id='word_1_389' title='bbox 1439 4409 1495 4443; x_wconf 89' lang='lat' dir='ltr'><strong>mu·</strong></span> 
     </span>
     <span class='ocr_line' id='line_1_41' title="bbox 199 4469 1496 4540; baseline 0.008 -21"><span class='ocrx_word' id='word_1_390' title='bbox 199 4469 326 4520; x_wconf 86' lang='lat' dir='ltr'><strong>liebritor</strong></span> <span class='ocrx_word' id='word_1_391' title='bbox 344 4475 450 4532; x_wconf 82' lang='lat' dir='ltr'><strong>courel,</strong></span> <span class='ocrx_word' id='word_1_392' title='bbox 469 4469 622 4521; x_wconf 73' lang='lat' dir='ltr'><strong>sordissima</strong></span> <span class='ocrx_word' id='word_1_393' title='bbox 640 4477 704 4522; x_wconf 88' lang='lat' dir='ltr'><strong>sunt</strong></span> <span class='ocrx_word' id='word_1_394' title='bbox 716 4474 750 4523; x_wconf 85' lang='lat'><strong>..”</strong></span> <span class='ocrx_word' id='word_1_395' title='bbox 770 4472 813 4522; x_wconf 86' lang='lat' dir='ltr'><strong>cf.</strong></span> <span class='ocrx_word' id='word_1_396' title='bbox 828 4472 919 4523; x_wconf 85' lang='lat' dir='ltr'><strong>Pluut.</strong></span> <span class='ocrx_word' id='word_1_397' title='bbox 932 4473 993 4523; x_wconf 83' lang='lat' dir='ltr'><strong>Aul.</strong></span> <span class='ocrx_word' id='word_1_398' title='bbox 1007 4475 1044 4525; x_wconf 86' lang='lat' dir='ltr'><strong>ll.</strong></span> <span class='ocrx_word' id='word_1_399' title='bbox 1057 4474 1082 4536; x_wconf 78' lang='lat'><strong>8,</strong></span> <span class='ocrx_word' id='word_1_400' title='bbox 1096 4483 1117 4527; x_wconf 79' lang='grc'><strong>6.</strong></span> <span class='ocrx_word' id='word_1_401' title='bbox 1170 4473 1181 4504; x_wconf 66' lang='lat' dir='ltr'><strong>l</strong></span> <span class='ocrx_word' id='word_1_402' title='bbox 1197 4480 1268 4539; x_wconf 79' lang='lat' dir='ltr'><strong>petr.</strong></span> <span class='ocrx_word' id='word_1_403' title='bbox 1282 4472 1336 4540; x_wconf 71' lang='lat' dir='ltr'><strong>oe]</strong></span> <span class='ocrx_word' id='word_1_404' title='bbox 1349 4476 1429 4528; x_wconf 84' lang='lat' dir='ltr'><strong>Pers.</strong></span> <span class='ocrx_word' id='word_1_405' title='bbox 1442 4487 1496 4529; x_wconf 76' lang='lat' dir='ltr'><strong>sat.</strong></span> 
     </span>
     <span class='ocr_line' id='line_1_42' title="bbox 202 4552 1495 4622; baseline 0.009 -20"><span class='ocrx_word' id='word_1_406' title='bbox 202 4553 272 4615; x_wconf 77' lang='grc'><strong>1,18.</strong></span> <span class='ocrx_word' id='word_1_407' title='bbox 325 4552 347 4585; x_wconf 81' lang='lat'><strong>¹⁸</strong></span> <span class='ocrx_word' id='word_1_408' title='bbox 365 4555 442 4606; x_wconf 86' lang='lat' dir='ltr'><strong>Pers.</strong></span> <span class='ocrx_word' id='word_1_409' title='bbox 456 4554 530 4622; x_wconf 80' lang='lat' dir='ltr'><strong>opp]</strong></span> <span class='ocrx_word' id='word_1_410' title='bbox 545 4557 586 4607; x_wconf 84' lang='lat' dir='ltr'><strong>Gi.</strong></span> <span class='ocrx_word' id='word_1_411' title='bbox 601 4559 667 4607; x_wconf 90' lang='lat' dir='ltr'><strong>llor.</strong></span> <span class='ocrx_word' id='word_1_412' title='bbox 681 4557 732 4607; x_wconf 91' lang='lat' dir='ltr'><strong>Od.</strong></span> <span class='ocrx_word' id='word_1_413' title='bbox 746 4559 768 4607; x_wconf 91' lang='lat'><strong>1.</strong></span> <span class='ocrx_word' id='word_1_414' title='bbox 782 4557 823 4621; x_wconf 83' lang='lat'><strong>38,</strong></span> <span class='ocrx_word' id='word_1_415' title='bbox 840 4568 857 4609; x_wconf 90' lang='grc' dir='ltr'>ι.</span> <span class='ocrx_word' id='word_1_416' title='bbox 910 4556 929 4589; x_wconf 83' lang='lat'><strong>²¹</strong></span> <span class='ocrx_word' id='word_1_417' title='bbox 955 4559 1099 4620; x_wconf 85' lang='lat' dir='ltr'><strong>H.rideo,</strong></span> <span class='ocrx_word' id='word_1_418' title='bbox 1120 4561 1346 4610; x_wconf 60' lang='lat' dir='ltr'><strong>constiterat.</strong></span> <span class='ocrx_word' id='word_1_419' title='bbox 1401 4560 1495 4614; x_wconf 72' lang='lat' dir='ltr'><strong>”Ce-</strong></span> 
     </span>
     <span class='ocr_line' id='line_1_43' title="bbox 200 4637 921 4709; baseline 0.004 -21"><span class='ocrx_word' id='word_1_420' title='bbox 200 4637 282 4704; x_wconf 81' lang='lat' dir='ltr'><strong>rolus]</strong></span> <span class='ocrx_word' id='word_1_421' title='bbox 303 4638 383 4689; x_wconf 86' lang='lat' dir='ltr'><strong>Cure.</strong></span> <span class='ocrx_word' id='word_1_422' title='bbox 398 4646 421 4690; x_wconf 89' lang='lat' dir='ltr'><strong>t.</strong></span> <span class='ocrx_word' id='word_1_423' title='bbox 442 4640 537 4691; x_wconf 71' lang='lat' dir='ltr'><strong>Caesar</strong></span> <span class='ocrx_word' id='word_1_424' title='bbox 554 4645 579 4691; x_wconf 81' lang='lat'><strong>2.</strong></span> <span class='ocrx_word' id='word_1_425' title='bbox 632 4641 654 4674; x_wconf 79' lang='lat'><strong>²⁶</strong></span> <span class='ocrx_word' id='word_1_426' title='bbox 672 4658 706 4691; x_wconf 91' lang='lat' dir='ltr'><strong>m.</strong></span> <span class='ocrx_word' id='word_1_427' title='bbox 720 4657 803 4709; x_wconf 74' lang='lat' dir='ltr'><strong>saepe,</strong></span> <span class='ocrx_word' id='word_1_428' title='bbox 823 4644 847 4693; x_wconf 91' lang='lat' dir='ltr'><strong>d.</strong></span> <span class='ocrx_word' id='word_1_429' title='bbox 862 4645 921 4695; x_wconf 82' lang='lat' dir='ltr'><strong>edd.</strong></span> 
     </span>
    </p>
   </div>
   <div class='ocr_carea' id='block_1_8' title="bbox 0 0 1643 5414">
    <p class='ocr_par' dir='ltr' id='par_1_9' title="bbox 0 0 1643 5414">
     <span class='ocr_line' id='line_1_44' title="bbox 0 0 1643 5414; baseline 0 0"><span class='ocrx_word' id='word_1_430' title='bbox 0 0 1643 5414; x_wconf 95' lang='lat' dir='ltr'><strong> </strong></span> 
     </span>
    </p>
   </div>
  </div>
 </body>
</html>
