3276 5414
256 387 305 457 62
552 402 602 451 111.
672 416 811 451 urouvcva
832 416 853 450 s.
873 415 954 450 evm.
992 416 1142 451 nvanoevs.
1163 400 1248 467 (1³¹8.)

255 571 424 651 quillitatcm
447 572 498 632 tibi
520 580 603 642 sunt,
634 573 741 651 quippe
771 589 805 630 ex
836 572 918 631 cuius
946 589 980 631 re
1003 578 1047 632 est
1069 571 1197 631 hiantem
1220 579 1250 631 te
1272 570 1407 631 detincre
1430 589 1466 631 ac
1489 589 1554 630 sus·

255 692 394 751 perrsuur,
418 682 584 750 sperantem
607 691 724 751 semper
747 674 811 732 loro
833 664 1037 750 ut'emcrgas,
1062 681 1094 732 nt
1117 673 1225 752 aliquid
1248 691 1280 733 se
1302 672 1409 734 melius
1430 673 1497 741 det,
1521 679 1553 732 ut

254 778 291 835 sit
313 775 421 835 laboris
444 794 573 843 merces,
598 775 714 836 sudoris
736 776 905 852 praeminum
930 792 988 851 quo
1011 776 1040 833 iu
1064 783 1140 834 statu
1164 793 1242 854 sape
1261 776 1380 835 iuterim
1398 776 1551 851 contingit.

254 884 286 936 ut
307 876 357 936 utu
381 878 524 936 irascatur
546 865 564 935 ὁ
588 865 698 946 δεινὸς
720 871 846 946 ἐκεῖνος
869 874 907 935 ou
929 875 1023 936 levem
1046 876 1172 956 aliquam
1196 877 1352 962 adversum
1373 883 1404 935 te
1431 893 1551 935 oausam

253 987 365 1047 protus,
389 996 477 1056 (peram
501 977 548 1037 ille
571 980 641 1038 tanti
666 979 733 1038 lacit
755 984 788 1037 ut
810 995 914 1054 magna
938 978 1145 1055 deprecatione
1168 997 1244 1055 opus
1267 997 1332 1038 esse
1348 978 1417 1038 velit
1431 997 1494 1055 quo
1509 985 1571 1035 tes

253 1098 319 1140 cnm
343 1082 372 1140 in
395 1081 517 1156 gratiam
540 1080 656 1148 redeat,
681 1098 748 1139 cum
771 1097 848 1156 saepo
872 1079 909 1138 olv
933 1096 996 1137 rem
1021 1079 1118 1149 nihili,
1153 1080 1191 1140 ob
1220 1081 1346 1147 floccos,
1383 1079 1422 1139 ob
1445 1081 1548 1158 pilum,

253 1183 290 1242 oli
314 1183 444 1241 vitiosam
467 1199 588 1248 rmcvun,
618 1180 656 1240 ub
686 1181 757 1240 lumi
790 1180 925 1241 umbram
954 1183 1170 1242 exearrdeseaut
1197 1183 1346 1260 principes
1374 1199 1411 1241 ac
1433 1183 1564 1241 inllam·.

254 1291 371 1344 mentor
394 1293 423 1344 ot.
444 1282 555 1343 rabiem
579 1281 754 1341 contrahant
777 1282 943 1361 luriantquc
966 1303 999 1343 ac
1023 1282 1129 1343 caelum
1153 1291 1239 1343 terra
1262 1285 1420 1349 misceant.
1451 1283 1549 1344 brevi·

185 1395 314 1454 canter,
338 1387 366 1445 in
391 1385 475 1460 arrigis
497 1384 653 1462 tragoedias
674 1392 770 1460 agant.
815 1383 900 1444 'l'arni
929 1391 973 1443 e'st
1002 1385 1051 1445 diu
1079 1388 1205 1456 serviro,
1235 1406 1269 1446 ac
1296 1405 1328 1446 se
1358 1387 1493 1464 affligere.
1521 1396 1549 1447 et

254 1496 416 1549 conterere.
463 1486 649 1563 Quapropter
671 1486 814 1563 quosdam
837 1486 908 1555 vidi,
938 1493 1093 1565 postquam
1116 1488 1215 1547 multis
1238 1490 1321 1547 anuis
1343 1507 1460 1549 summa
1483 1488 1580 1548 dili-n

253 1591 364 1669 geutia,
389 1590 521 1648 ruaximis
544 1586 695 1647 tatoribus
716 1589 899 1656 serviissent,
924 1589 1014 1648 semel
1036 1589 1082 1649 vel
1104 1590 1169 1648 sicta
1193 1608 1281 1649 causa
1303 1597 1452 1649 commoto
1467 1593 1548 1667 prin·

253 1695 318 1770 cipe
340 1691 463 1768 pecunia
486 1691 596 1767 pariter
618 1708 652 1749 ac
674 1689 808 1750 libertate
831 1690 983 1759 multatos,
1006 1709 1065 1750 uon
1089 1690 1186 1751 nullos
1210 1694 1264 1751 vita
1288 1694 1373 1752 etiam
1397 1692 1546 1771 spoliatos.

185 1814 242 1865 §.aa
254 1795 391 1855 leviores
413 1790 525 1869 scopuli
547 1799 615 1851 sum
637 1793 803 1870 principum
832 1794 1022 1871 suspitionem,
1058 1811 1183 1872 quarum
1213 1792 1251 1853 illi
1273 1811 1399 1871 capaces
1421 1794 1548 1853 maxime

253 1905 336 1964 srrrrt,
359 1894 410 1954 scd
433 1895 462 1952 iu
486 1913 558 1971 quas
581 1898 640 1954 uon
662 1896 725 1954 sinc
748 1896 879 1973 periculo
902 1896 1066 1955 incidimus.
1112 1897 1207 1973 Atque
1236 1897 1264 1954 iu
1294 1896 1340 1955 lris
1363 1914 1418 1972 ego
1441 1912 1548 1973 perpe.-

252 2006 316 2066 tno,
341 1997 440 2063 Casto,
464 1995 502 2055 olv
525 1995 663 2073 loquendi
685 1996 864 2067 libertatem,
888 2015 947 2076 quo
970 1997 1129 2075 planimum
1152 1997 1341 2057 ollonduutm·
1357 1995 1411 2064 illi,
1434 1997 1576 2056 haereon

252 2100 384 2160 Orlerunt
407 2099 499 2165 crum,
528 2105 560 2156 nt
581 2098 626 2157 vir
650 2096 744 2166 aliud,
774 2101 934 2159 veritatem.
982 2099 1041 2159 liee-
1070 2117 1144 2180 opus
1175 2106 1219 2159 cst
1246 2117 1369 2177 spncevc
1391 2097 1471 2175 aqmd
1494 2098 1548 2158 lios

252 2203 363 2268 virere,
387 2206 436 2259 ant
458 2206 554 2267 roc-te,
578 2199 776 2278 obsequenter
798 2201 899 2261 volunt
921 2208 950 2260 et
972 2199 1088 2265 lrlaudc.
1135 2201 1245 2260 lteirnle
1268 2207 1313 2258 est
1335 2201 1450 2277 parium
1475 2201 1546 2259 invi-

253 2303 313 2370 dia,
338 2301 412 2360 intra
437 2318 523 2378 quam
547 2320 606 2360 non
630 2301 788 2362 admodum
812 2321 917 2363 secure
940 2303 1102 2378 navigatur.
1147 2303 1189 2360 dc
1211 2302 1387 2379 praesentius
1410 2299 1547 2359 omuilvus

253 2404 361 2464 malum
385 2401 559 2470 violationes,
583 2421 707 2480 quarmn
732 2423 798 2465 cum
822 2406 932 2482 impetu
955 2405 979 2463 si
1001 2405 1153 2482 impariter
1176 2403 1358 2471 crmllixeris,
1382 2399 1547 2479 peric-ulum

196 2513 297 2569 ..vest
320 2524 418 2565 rerum
441 2503 527 2563 sirrnrl
550 2521 584 2562 ac
607 2506 679 2564 vitre.
725 2506 819 2565 Porro
843 2513 926 2566 caute
949 2506 1068 2565 omuino
1090 2505 1241 2565 tractanda
1264 2511 1309 2564 est
1331 2507 1393 2565 cius
1415 2506 1463 2564 cui
1484 2518 1579 2562 scr-tv

252 2610 294 2668 vis
316 2615 575 2686 ‹praetumcunqnc
598 2607 670 2666 insta
695 2605 875 2684 obiurgatio:
899 2626 931 2667 ca
955 2613 999 2666 cst
1022 2605 1067 2665 liis
1089 2608 1175 2685 agris
1196 2614 1317 2674 natura,
1341 2605 1478 2684 qrnedarn
1493 2604 1546 2664 silui

252 2727 464 2787 nonnunquam
486 2706 586 2768 ulcera
609 2709 688 2784 tangi
717 2707 829 2767 uolunt.
876 2708 935 2768 lam
965 2709 1038 2777 lroc,
1073 2727 1160 2786 (piram
1192 2708 1363 2786 largiendum
1393 2714 1422 2765 et
1451 2709 1547 2784 ipsum

252 2819 295 2871 est
317 2829 435 2879 saurim,
458 2811 589 2888 speciosa
612 2827 687 2870 arnor·
710 2811 734 2869 si
757 2808 795 2869 illi
820 2812 856 2870 sit
879 2819 928 2870 aut
951 2810 1024 2879 lilia,
1053 2828 1090 2869 nc
1119 2810 1162 2869 vel
1193 2828 1274 2870 arnas
1303 2809 1346 2869 vel
1374 2811 1466 2869 aruari
1494 2808 1546 2867 tibi

251 2912 408 2991 cvrrrtiugat.

315 3035 442 3076 onsrvs.
481 3013 523 3072 dd
547 3013 714 3073 lrninsnrodi
736 3013 874 3092 scopulos
906 3015 990 3092 periit
1019 3014 1096 3091 apud
1125 3013 1322 3074 Alexandrum
1346 3012 1579 3072 sallistlreues.u

290 3135 477 3177 mrsuvuvs.
517 3115 550 3174 tn
574 3134 640 3175 cnm
664 3115 795 3193 periculo
818 3118 962 3193 navigavit
984 3117 1052 3194 dgis
1075 3118 1198 3194 Argivus
1227 3117 1354 3176 errudem
1383 3114 1545 3193 reprelien-

250 3219 320 3280 dere
343 3235 433 3278 uersus
455 3217 533 3296 quod
562 3218 590 3276 in
620 3216 787 3276 avlvrlatuves
815 3227 844 3277 et
871 3216 1011 3278 ridiculos
1034 3218 1156 3296 perinde
1185 3237 1220 3278 ao
1247 3220 1276 3277 iu
1300 3218 1394 3278 botros
1416 3215 1546 3277 litteralis

251 3328 336 3380 esset.
1036 3387 1040 3395 ⁵

315 3440 441 3483 casuve.
480 3419 578 3499 Clytns
601 3438 670 3479 vcro
693 3440 780 3499 quam
804 3422 840 3481 alr
864 3421 913 3483 illo
936 3422 1062 3501 Cyclope
1085 3430 1207 3500 repente
1229 3423 1386 3483 devoratus
1400 3423 1467 3491 ,estt

252 3558 393 3567 -—--
416 3559 435 3566 .-

318 3625 373 3674 ¹to
391 3625 461 3673 ouria.
476 3627 500 3673 2.
537 3621 712 3674 'ruel'msld
734 3625 827 3674 mitius
845 3628 903 3675 edd.
949 3625 1039 3676 ³si5.
1060 3628 1145 3675 sitll.
1200 3627 1305 3676 sudoris
1319 3630 1344 3675 2.
1392 3617 1545 3682 *ὁδεινός

250 3701 369 3774 ἐκεῖνος]
389 3708 526 3758 timendus
544 3709 591 3757 ille
610 3708 763 3774 (peinceps).
784 3711 817 3760 dn
837 3712 890 3760 diis
909 3712 1049 3776 prmeipuo
1068 3711 1124 3759 dici
1142 3711 1224 3760 solet.
1248 3711 1290 3760 Cf.
1305 3712 1399 3775 quoin
1413 3710 1465 3759 lino
1479 3725 1544 3759 nstro

250 3804 293 3845 ast
310 3793 484 3860 proverbium
504 3795 570 3854 (laid
586 3794 633 3843 ult
650 3796 762 3858 Apollo?
782 3802 809 3844 ot
827 3797 850 3855 ,8.
865 3794 906 3844 tu.
921 3797 1001 3860 „ipse
1021 3795 1069 3845 ille
1089 3796 1196 3860 Iupiter
1213 3799 1301 3844 tnuo''.
1367 3793 1378 3825 ⁵
1396 3810 1457 3843 esso
1475 3793 1545 3843 velit

250 3881 286 3930 ΙΙ.
306 3880 419 3929 sitedd.
489 3878 553 3928 'nc
571 3886 620 3928 tum
640 3886 668 3928 ot
685 3887 733 3928 tun
753 3895 805 3944 qno
828 3887 887 3943 post
905 3881 1010 3928 farciant
1033 3881 1094 3929 odd.
1109 3882 1145 3930 ΙΙ.
1197 3880 1255 3929 ⁰in
1273 3896 1300 3929 n.
1313 3885 1348 3930 tr.
1363 3877 1417 3945 agl
1437 3880 1497 3930 Cic.
1510 3880 1544 3928 de

250 3982 289 4015 oe.
303 3966 337 4015 11.
351 3964 392 4026 51,
406 3975 454 4013 rot.
508 3980 541 4013 oc
560 3971 619 4013 onte
637 3980 667 4014 se
686 3967 745 4014 odd.
760 3966 796 4014 ΙΙ.
861 3965 922 4025 (nou
937 3981 988 4029 pro
1007 3981 1037 4014 so
1054 3968 1139 4029 poereit
1157 3972 1183 4013 ut
1203 3967 1258 4027 13.)
1329 3970 1357 4014 ct
1374 3965 1411 4013 H.
1431 3979 1465 4014 ao
1484 3966 1543 4014 edd.

247 4049 267 4085 ¹¹
287 4051 439 4101 servissent
457 4051 500 4099 1³.
555 4049 631 4100 victo
650 4048 711 4114 (pro
729 4049 808 4112 licta)
828 4054 871 4099 13.
936 4049 957 4081 ¹³
976 4051 1123 4114 stropitioes
1141 4055 1166 4100 5.
1236 4048 1398 4114 15Ιιοφιόἀί
1417 4049 1542 4098 libertae.

247 4152 327 4199 uturp.
341 4140 364 4184 5.
436 4133 487 4166 ¹⁰³²
507 4135 600 4184 Locum
618 4134 743 4183 Oderunt
796 4134 897 4184 blando
918 4137 944 4184 iu
962 4136 1021 4184 edd.
1040 4152 1089 4185 aon
1107 4142 1237 4185 extantem
1255 4138 1280 4184 ln
1298 4151 1378 4197 ruarp.
1398 4136 1481 4183 nitido
1495 4150 1543 4182 sua

246 4238 319 4270 noun
336 4221 476 4284 orlacr·ipoit
494 4221 530 4269 H.
548 4221 597 4269 aed
617 4225 699 4268 tornea
724 4223 780 4276 1³..
805 4226 831 4267 ut
849 4222 958 4276 notetur,
983 4224 1068 4284 tepere
1086 4224 1209 4285 nequiuit,
1228 4234 1284 4268 nom
1302 4222 1400 4268 ouraino
1419 4223 1541 4283 nepteov't.

246 4304 269 4338 ⁰
287 4310 330 4355 ost
347 4306 458 4357 odetll.
517 4303 568 4338 ¹⁷⁴⁸
585 4305 697 4355 Inuidia
715 4305 831 4369 patrium.
849 4310 967 4369 uturp&
1021 4303 1041 4336 ¹⁹
1060 4304 1214 4354 ltelatidos.
1232 4310 1350 4369 moep.5.
1404 4302 1427 4334 ²⁵
1444 4304 1541 4353 Alexi·

246 4389 296 4439 der
308 4405 431 4455 mugnus.
445 4407 525 4455 morp.
539 4395 562 4440 5.
610 4388 778 4439 Callistenes
791 4393 816 4438 2.
845 4388 1052 4449 „Callisthenes
1065 4405 1171 4453 quoquo
1185 4394 1272 4438 tortus
1285 4389 1400 4445 interiit,
1456 4387 1542 4438 liund-

247 4489 384 4539 quoquam
408 4475 480 4525 ardre
504 4481 531 4524 et
555 4474 761 4524 adsentantium
786 4473 1010 4523 adcommodatus
1034 4475 1173 4538 ingenio'.
1200 4474 1269 4523 Part.
1290 4474 1349 4536 ltns.
1368 4473 1444 4522 vlit.
1462 4474 1492 4534 8,
1506 4481 1540 4522 at.

245 4558 269 4590 ‘⁸
285 4557 363 4624 Agis]
383 4560 420 4609 cl.
434 4560 575 4609 Plutarch.
590 4559 622 4608 do
642 4559 715 4607 adul.
729 4576 755 4623 p.
767 4558 809 4607 tto.
829 4557 885 4621 (ed.
899 4559 993 4607 Raisk.
1007 4559 1053 4608 l'l.
1067 4574 1092 4622 p.
1106 4556 1178 4620 221.)
1248 4555 1270 4589 Β
1288 4557 1385 4620 Clytns
1404 4561 1476 4608 1...5.
1496 4573 1542 4607 nee

245 4646 346 4692 notovit
359 4645 394 4692 H.
437 4643 528 4693 Clitus
546 4647 671 4693 utura.
714 4643 843 4692 nectito
862 4643 897 4692 ab
910 4642 1066 4693 Alexandro
1078 4642 1228 4705 interfecto
1247 4642 1283 4691 ct‘.
1298 4641 1374 4690 Cnrt.
1389 4642 1465 4691 t'lll.
1482 4641 1502 4691 l.
1515 4640 1541 4691 3.

246 4727 352 4790 (Etim
363 4728 473 4778 Asnaus
485 4727 596 4792 Sylvius
608 4727 679 4778 hune
692 4727 783 4779 locum
794 4727 940 4793 respexit)
