3276 5414
149 405 309 474 [IAC.80B1]
326 422 514 458 t’ltlthttttrttttt
528 421 820 458 c1v.vror.n1ttoovtt
834 421 869 456 DE
883 421 1093 457 nostramve
1107 418 1317 456 Rollhh'ssllsslvss.
1370 386 1445 460 493

217 580 489 654 Polpprogmou.
527 581 585 636 hiu'
608 582 689 635 vero?

109 669 114 709 t
218 665 314 721 Puer.
352 666 538 721 llertissimnm
562 673 619 726 est.
642 682 676 720 ue
697 663 801 720 (trahite.

109 757 112 792 ¹
218 748 298 822 l'oly
307 769 323 823 p
333 767 423 823 ragan
434 767 483 805 on.
521 748 609 818 Quaere
624 766 679 805 neu
694 749 751 805 trec
766 757 908 823 portento,
931 749 979 804 has
995 755 1087 822 pestes
1103 747 1355 822 pestilentissimus,
1379 748 1446 803 ham
1457 758 1514 806 tri.

109 854 111 867 ·
151 832 249 891 malam
273 835 400 890 zizanium
423 835 524 890 Christi
546 834 635 889 hortis
658 835 824 907 extirpamus
846 834 937 895 lerro,
961 833 1032 905 igni.
1056 850 1218 907 quacunque
1233 833 1314 887 etiam
1332 832 1382 887 ulia
1405 833 1448 888 vil

109 938 140 975 s
218 917 435 975 llurtoliuus.
474 919 532 975 h'ou
555 920 694 981 convenit,
717 927 745 974 et
767 936 809 974 mc
832 917 984 992 periculum
1008 917 1137 973 maneret.

217 1002 492 1076 Pulyprapmou.
530 1004 589 1076 lpse
612 1002 692 1059 etiam
716 1002 764 1058 tihi
788 1003 915 1059 conscius
937 1003 985 1058 es?
1241 1012 1253 1035 ⁵

218 1087 404 1144 llurtolinu
416 1107 437 1142 s.
476 1088 577 1145 Vereor
599 1105 632 1144 ne
655 1105 708 1144 riori
732 1087 821 1149 solus,
857 1087 956 1159 longus
980 1087 1046 1142 urile
1070 1094 1127 1148 est,
1161 1085 1239 1142 multi
1271 1086 1357 1142 adhuc
1388 1087 1448 1143 eins

154 1173 250 1229 farinae
275 1190 468 1246 supersumus,
492 1172 624 1246 siquidem
648 1190 696 1228 eos
718 1181 799 1247 putas
822 1190 892 1246 quos
910 1171 1012 1228 llhoma
1036 1172 1088 1228 huc
1111 1171 1198 1232 misit,
1223 1171 1294 1226 inter
1317 1181 1449 1245 ‹partista-

152 1274 217 1313 meu
239 1256 302 1311 huui
325 1256 426 1320 arlinus,
450 1257 513 1314 licet
535 1257 628 1332 pauci.
653 1257 700 1312 uiri
724 1259 834 1330 degunt.

113 1360 143 1400 ro
220 1341 373 1414 Polppra
382 1359 493 1414 gmon.
530 1342 658 1397 Proiecto
681 1358 757 1398 raros
779 1342 876 1402 crede,
900 1342 946 1397 sed
971 1341 1033 1414 quis
1058 1349 1086 1396 tu
1109 1358 1138 1396 es
1162 1342 1233 1397 inter
1256 1342 1321 1396 eos?

220 1426 431 1482 ltartoliuus.
470 1427 497 1482 Si
526 1427 559 1483 de
589 1426 631 1481 his
661 1444 755 1499 rogus.
790 1442 860 1500 quos
888 1425 991 1482 Rhome
1019 1426 1113 1488 hahet.
1148 1443 1200 1499 ego
1227 1426 1259 1482 ad
1289 1425 1447 1501 elephantes
1459 1424 1534 1488 tau·

154 1528 215 1567 sum
239 1510 331 1584 eules:
366 1511 409 1568 hic
431 1529 495 1568 vero
519 1512 637 1585 primum
659 1510 744 1583 aliqui
767 1529 827 1567 esse
850 1512 926 1566 aiunt
950 1528 1009 1573 me,
1043 1528 1095 1583 ego
1123 1527 1188 1567 vero
1211 1528 1266 1567 nou
1289 1511 1368 1566 lacile
1392 1521 1450 1567 tari-

155 1605 215 1651 tum
238 1596 302 1650 mihi
325 1614 503 1669 arregarerm
537 1597 588 1652 huc
621 1604 708 1651 tamen
740 1597 766 1651 iu
795 1595 862 1651 nucis
889 1595 1015 1651 laudihus
1038 1593 1151 1651 asscribi
1174 1594 1214 1650 vel
1238 1596 1264 1651 iu
1287 1596 1384 1669 printis
1406 1613 1450 1652 es·

156 1687 238 1753 opto.
271 1697 408 1753 uunquam
431 1680 528 1737 melius
551 1681 650 1737 hahere
673 1698 714 1735 me
737 1697 817 1754 apuam
840 1697 901 1736 cum
925 1679 1020 1735 litihus
1043 1679 1144 1736 multos
1174 1679 1334 1737 turharero:
1367 1689 1450 1755 atque

118 1765 225 1823 taedeo
249 1766 387 1838 octogiuta
409 1764 474 1823 licet
503 1783 588 1821 onnes
617 1765 744 1826 haheam.
779 1782 872 1838 quma
902 1774 990 1820 tamen
1018 1765 1138 1839 undique
1166 1772 1197 1820 ut
1225 1782 1268 1821 me
1296 1782 1450 1821 exerceam:

156 1840 357 1924 quamprimum
392 1851 462 1906 cuim
495 1851 608 1906 ruatcria
643 1849 760 1925 ourplius
789 1860 864 1906 sese·
881 1866 935 1906 riou
965 1849 1194 1923 suppeditaverit.
1228 1850 1314 1905 etium
1344 1858 1450 1923 torpor.

158 1942 299 2007 torporem
321 1934 448 1998 rirerhus,
471 1935 597 1991 morhuru
614 1952 688 1991 mers
704 1934 860 2007 occupahit.
884 1933 1080 2008 proculdubio.
1104 1934 1237 2007 agendum
1254 1951 1321 2008 erge
1336 1933 1450 2007 aliquid.

135 2019 140 2029 ’
221 2017 490 2093 Polypragmuu.
515 2018 597 2087 >Quid
622 2020 731 2075 interim
755 2018 794 2075 illi
818 2020 865 2094 qui
890 2029 915 2075 te
938 2020 976 2074 ita
999 2027 1139 2083 exercent,
1169 2020 1234 2093 quid
1263 2019 1353 2081 aiunt.
1385 2018 1450 2092 quid

156 2112 252 2170 contra
274 2104 397 2160 faciunt?
1437 2156 1447 2174 ,

121 2207 150 2249 so
224 2188 436 2246 Bartoliuus.
474 2189 543 2257 duit
566 2190 674 2251 dicunt,⁴
692 2191 756 2263 quid
778 2189 988 2251 coutralaciaut‚
1012 2190 1111 2262 rogas?
1135 2186 1186 2244 Alii
1202 2188 1395 2263 impostorem,
1418 2187 1520 2245 uitta.

159 2273 204 2347 qui
228 2273 329 2328 irrrrltos
351 2273 513 2336 calumnier.
537 2274 639 2332 multos
661 2274 729 2330 male
753 2284 880 2335 tractem.
904 2282 1001 2330 vocant
1023 2291 1079 2336 me;
1103 2273 1242 2329 falsarium
1265 2273 1328 2336 alii,
1353 2275 1450 2347 utqui

158 2357 269 2430 egregie
293 2357 445 2413 arlrtlterare
469 2360 646 2415 iustrumenta
675 2360 792 2433 possim:
827 2358 990 2432 sacrilegum
1018 2358 1079 2421 alii,
1114 2366 1145 2413 ut
1173 2358 1221 2431 qui
1250 2358 1363 2432 pulchre
1391 2376 1453 2415 cor·

159 2443 249 2516 ruptis
272 2443 521 2506 llhomauensihus,
544 2445 615 2518 apud
639 2462 709 2517 iquos
732 2462 786 2500 arou
808 2446 898 2500 miuus
921 2445 980 2517 ipse
996 2442 1121 2498 Christus
1144 2442 1244 2498 venalis
1267 2444 1347 2499 modo
1369 2452 1453 2516 atque

160 2526 224 2583 olim
249 2536 304 2582 totu
329 2528 386 2600 ipsa
408 2529 517 2590 civitas,
542 2528 779 2602 (quemadmodum
802 2547 849 2585 rex
872 2529 1007 2603 quondam
1031 2528 1076 2583 illc
1099 2528 1230 2584 Numirhas
1260 2527 1337 2599 dixit)
1365 2527 1454 2602 diplo-

124 2619 230 2673 rsmata
254 2612 392 2685 peutiheia
415 2614 541 2669 sullurari
564 2631 676 2687 queam:
706 2614 751 2669 alii
775 2616 800 2669 iu
823 2613 886 2670 lites
908 2631 958 2670 ccu
982 2614 1117 2669 theatrum
1140 2629 1243 2669 mecum
1271 2613 1452 2684 congrediun-

161 2705 220 2757 tur.
254 2696 434 2769 uerpricquaru
464 2708 565 2754 tumen:
601 2717 671 2772 quos
699 2717 792 2755 omnes
822 2698 862 2755 vel
885 2708 1044 2759 contemno.
1078 2714 1133 2753 uon
1156 2697 1257 2754 amicos
1287 2714 1347 2753 esse
1375 2697 1451 2760 mihi,
1462 2697 1520 2748 tat.

161 2781 207 2855 qm
233 2780 295 2835 talia
317 2782 350 2837 de
373 2800 414 2837 me
437 2783 542 2843 dicant,
571 2783 721 2845 affirmans:
751 2784 824 2857 qnod
852 2784 919 2840 adeo
943 2784 1053 2839 llhomac
1075 2782 1156 2839 dirlici
1179 2781 1249 2856 apud
1273 2799 1343 2855 quos
1371 2799 1453 2856 pecu·

161 2867 213 2921 nire
232 2867 504 2941 sacerdotioruruque
526 2886 606 2923 causa
629 2886 708 2925 nemo
732 2886 784 2924 rrou
807 2868 877 2925 male
898 2869 992 2926 audire
1014 2868 1172 2924 coutemnit.
1218 2876 1274 2923 tum
1298 2884 1362 2923 vero
1391 2866 1453 2922 illes

162 2951 208 3023 qui
231 2969 291 3006 sese
314 2969 344 3006 es
368 2951 479 3008 urlrerso
503 2952 651 3014 obiiciunt.
676 2955 787 3027 egregie
810 2944 951 3010 tauriliar'is
974 2953 1103 3019 milridei
1127 2952 1227 3009 auxilio
1250 2969 1351 3027 supero
1366 2952 1455 3026 deque

126 3052 154 3094 te
165 3032 219 3091 illis
244 3035 390 3108 triumpho.

225 3119 495 3194 Polypragmou.
533 3123 702 3178 Cuiusdeil
1454 3166 1456 3172 1

226 3203 441 3261 llartulinus.
479 3206 516 3261 Ne
539 3225 662 3281 quoeras,
689 3207 789 3265 annulo
811 3206 946 3264 inclusum
970 3207 1073 3269 haheo,
1101 3216 1182 3283 atque
1204 3207 1236 3263 ad
1260 3225 1366 3264 omnem
1389 3207 1455 3263 mihi

162 3297 286 3363 paratum
309 3298 414 3346 nutum.

226 3375 319 3431 Puer.
357 3374 428 3430 Proh
451 3375 493 3431 dei
517 3384 599 3451 atque
630 3377 769 3433 hominnm
798 3376 893 3438 halem,
929 3376 1032 3433 talesne
1060 3376 1173 3433 ecclesia
1195 3377 1296 3433 Christi
1324 3375 1524 3450 malumst-²⁵·

127 3458 258 3519 astruhet.
284 3458 352 3514 tales
374 3460 544 3516 sacerdotes!
569 3463 627 3517 isue
650 3461 765 3536 spiritus
788 3469 898 3517 sauctus
921 3471 963 3517 est
986 3479 1087 3523 uerus.
1112 3479 1167 3535 quo
1189 3461 1277 3517 nostri
1293 3461 1320 3516 hi
1338 3462 1456 3536 apostoli

164 3544 266 3599 iaciunt
288 3543 438 3618 ruagualia‘!
472 3545 560 3602 hcouc
583 3547 715 3602 suecessit
738 3539 881 3601 diahelns?
911 3546 963 3603 Sod
986 3546 1068 3608 lieris,
1092 3546 1237 3619 magister.
1265 3546 1306 3601 sol
1331 3548 1358 3601 iu
1380 3563 1457 3602 eoca-

163 3646 222 3683 smn
246 3629 347 3701 vergit,
378 3628 470 3686 lleuue
494 3631 552 3705 ipse
574 3631 683 3687 domum
707 3632 831 3687 lestinat:
854 3630 999 3687 consilium
1022 3639 1053 3687 ut
1074 3647 1136 3687 curru
1158 3631 1185 3685 n.
1208 3629 1348 3686 Bartolino
1370 3638 1458 3685 matu·

164 3730 221 3776 res,
246 3722 333 3786 rogat.
675 3730 677 3734 “

228 3798 443 3855 llurtoliuus.
481 3800 539 3856 h'ou
563 3802 666 3874 poterit
688 3801 763 3856 uhire
785 3801 881 3863 hodie,
909 3800 1108 3857 conveniendus
1136 3801 1180 3856 hic
1211 3816 1290 3875 quem
1313 3799 1367 3855 dixi
1390 3805 1525 3872 apo-§.th

128 3883 283 3938 tustolicus
305 3893 347 3939 est
370 3875 491 3957 legatus:
515 3902 578 3940 sero
601 3884 653 3940 iarn
676 3885 818 3942 admodum
841 3893 898 3948 cst,
921 3903 981 3942 cras
1004 3903 1109 3941 summo
1132 3902 1208 3941 manc
1231 3902 1292 3941 euin
1316 3884 1458 3940 corrreniat

165 3976 289 4041 opertet:
324 3978 351 4023 et
374 3986 429 4041 quo
452 3967 559 4025 facilior
580 3968 669 4025 aditus
698 3978 804 4043 pateat.
836 3970 932 4026 literas
960 3971 1011 4026 iam
1040 3969 1089 4025 tihi
1117 3971 1148 4026 ad
1177 3969 1367 4044 paternitatem
1397 3969 1458 4024 eius

164 4053 396 4109 corutucudatitias
418 4053 502 4115 daho,
526 4052 699 4127 regaliaque.
724 4071 757 4110 ue
779 4055 892 4111 nimium
914 4065 942 4113 et
964 4072 1015 4129 pro
1037 4054 1211 4111 ahsolutioue
1234 4062 1261 4110 et
1282 4070 1333 4128 pro
1349 4054 1459 4126 dispeu-

165 4138 285 4198 satiene.
310 4137 410 4212 quihus
434 4147 490 4194 tum
514 4137 550 4193 oh
571 4138 746 4194 commissum
771 4140 921 4202 incestum.
946 4149 1003 4196 tum
1019 4139 1240 4213 couiuugeudum
1256 4138 1458 4196 matrimonium

165 4239 236 4295 opus
258 4222 355 4285 hahes,
380 4223 427 4279 ahs
450 4232 477 4278 tc
499 4223 598 4296 exigat.

1460 4270 1527 4282 uss-

234 4402 253 4436 ¹¹
268 4406 419 4455 Fiscellum
434 4406 585 4457 felicitas·
632 4407 718 4457 Romo
731 4408 753 4456 h.
762 4411 778 4457 t.
792 4410 866 4457 etium
881 4411 907 4458 3.
920 4413 945 4458 et
957 4410 995 4458 sic
1006 4409 1031 4458 in
1045 4424 1102 4474 sqq.
1115 4414 1218 4472 saeptus.
1266 4408 1390 4460 Culicem
1404 4407 1460 4458 ele-

166 4488 263 4553 phanti
278 4491 413 4549 conferre,
428 4484 550 4542 κώνωπα
564 4483 697 4556 ἐλέφαντι
711 4489 910 4557 παραβάλλειν
923 4493 1082 4542 exLihauio
1093 4494 1330 4544 cuotaritErusm.
1339 4494 1368 4543 iu
1378 4492 1459 4557 sdag.

167 4569 309 4632 Koounos
323 4566 428 4639 ἐλέφας
439 4567 526 4635 Ἰνδὸς
539 4567 590 4626 oria
604 4568 735 4642 α’λεγίζει.
757 4576 1053 4642 ttsl'hutur.ttptst.·2tt
1065 4576 1278 4642 Apostol.x.37.
1318 4575 1341 4610 ¹⁰
1353 4577 1460 4627 dicauit

168 4661 224 4708 tr.
260 4657 449 4710 ’tcatumntoe
461 4661 640 4718 Fiscellum*
676 4660 1331 4727 *trexrhunnttaqtugurttmspontaneae.
1367 4659 1389 4692 ’Β
1407 4663 1424 4710 i.
1437 4678 1460 4711 e.

167 4758 247 4793 nemo
266 4743 337 4793 mule
357 4745 487 4794 auduou
506 4762 529 4794 c.
583 4746 605 4778 ³⁷
623 4733 829 4798 Bortiliuolsl.
866 4745 888 4778 ⁴²
906 4752 935 4795 et
952 4747 1082 4796 distrahet
1102 4750 1125 4795 l.
1160 4744 1181 4779 *λ
1200 4748 1416 4796 iucoestum1.2.
