3276 5414
197 342 270 414 588
636 370 753 408 otntour
771 372 1049 410 PSEVDORVTTENIGL

195 537 297 589 intrare
314 533 339 588 ia
356 549 469 605 regnum
483 532 542 594 dei,
565 549 653 606 aerque
667 531 736 588 alios
757 532 840 588 etiam
861 532 1018 606 perinisisti.
1068 541 1099 589 et
1125 531 1246 606 reliqua
1272 550 1337 606 quae
1352 533 1386 588 ibi
1400 553 1486 608 sepau

197 629 255 676 tur:
284 618 348 674 mibi
378 618 448 673 eninr
479 617 565 673 ocium
589 634 643 673 uon
667 617 716 674 luit
745 617 835 673 oninia
862 616 997 674 scribendi
1026 636 1095 692 quae
1129 619 1178 673 vir
1209 619 1341 692 optimus
1367 619 1486 693 Fasquilbr
1530 618 1535 679 l

196 705 230 759 de
253 704 304 759 boc
327 711 400 760 textu
423 703 538 776 plurima
561 720 615 757 nutv
639 703 727 758 rninus
748 704 829 758 docto
852 719 930 775 quarn
953 721 1016 759 vere
1040 704 1316 759 commentabatur.

141 789 195 854 lt«,
260 789 352 844 llixit
377 788 552 843 l'atliscus.
590 787 759 863 tlompletunr
789 796 831 843 est
853 788 880 842 in
902 787 1005 861 populo
1028 790 1074 844 dei
1099 790 1186 862 quod
1213 790 1384 863 praedictum
1403 800 1486 864 estpn
1532 788 1537 835 ἵ

187 873 299 948 ΙΕειειίειιη
323 872 482 946 prophetam
505 891 544 928 ca.
560 872 598 926 iii.
621 873 821 946 ‘Apprehcndet
843 872 882 927 vir
903 873 1014 929 lrstrern
1039 891 1127 930 suurn
1154 883 1184 930 et
1211 875 1401 930 domesticum
1426 880 1499 949 patrie

196 959 256 1019 ‘sui
280 967 307 1013 et
322 958 393 1015 dicet
416 957 628 1013 “l''cstimentum
652 957 701 1012 tibi
724 966 780 1019 est,
805 957 931 1031 princeps
953 967 1013 1014 esto
1029 968 1151 1023 noster:
1178 960 1268 1015 ruina
1286 970 1380 1016 autem
1395 961 1489 1016 heard

197 1052 295 1098 “tnanu
312 1052 356 1098 tua
379 1043 446 1098 est.''
490 1043 685 1116 ratesponae
708 1043 735 1097 in
756 1042 800 1097 die
823 1042 867 1098 illa
891 1042 967 1098 “Nou
989 1061 1049 1099 sum
1075 1045 1230 1106 medicus,
1256 1055 1288 1099 et
1314 1045 1341 1099 in
1365 1045 1489 1101 donsinn

197 1138 270 1183 “nun
292 1138 334 1183 est
357 1128 448 1200 punis,
477 1144 564 1201 neque
591 1128 796 1190 vestimentunn
825 1126 909 1183 nolite
931 1146 973 1183 me
995 1130 1179 1185 constituere
1206 1131 1370 1204 principem
1392 1131 1490 1204 popnb':

198 1213 262 1268 ‘ruit
285 1212 355 1268 enisu
379 1210 545 1268 Hierusalem
569 1221 596 1268 et
619 1213 681 1267 luda
703 1213 835 1274 concidit,
860 1212 922 1285 quia
946 1212 1036 1286 lingua
1061 1231 1168 1270 eorum
1194 1223 1225 1270 et
1252 1216 1443 1271 ordinationes
1459 1236 1491 1271 eu

198 1307 266 1353 ‘ruia
289 1307 385 1354 canna
413 1297 574 1359 dominum„
595 1306 626 1353 ut
648 1307 829 1371 provocarent
852 1296 945 1353 oculos
968 1299 1123 1355 maiestatis
1157 1300 1234 1355 eius.
1286 1301 1402 1374 Agnitio
1423 1301 1509 1356 vulturi

198 1393 300 1438 ‘corum
316 1382 459 1455 respondit
480 1381 533 1443 cis,
557 1390 584 1437 et
607 1391 745 1456 peccatum
770 1400 848 1438 suum
870 1383 947 1456 quasi
963 1381 1080 1439 Sod‘oma
1103 1386 1363 1459 praedicaverunt,
1387 1405 1432 1442 nec
1449 1388 1492 1442 abs

198 1468 365 1524 ‘conderunt
411 1485 442 1522 vc
469 1467 563 1522 animae
586 1485 696 1529 corum,
720 1468 848 1541 quoniam
870 1466 950 1523 allata
974 1477 1036 1524 sunt
1058 1470 1100 1525 eis
1126 1470 1224 1533 maln;
1258 1472 1402 1546 populum
1427 1490 1492 1528 nene

197 1561 345 1608 ‘exactores
374 1553 416 1607 sui
445 1551 645 1625 spoliaverunt,
675 1561 702 1608 et
730 1553 856 1608 mulieres
877 1553 1022 1609 dominatae
1051 1563 1117 1609 sunt
1150 1556 1217 1610 eis!
1267 1557 1310 1611 lta
1337 1557 1390 1612 iarn
1411 1558 1493 1630 prabb

196 1637 374 1695 Ecclesiarum
398 1645 425 1693 et
447 1636 634 1693 cenobiorum
657 1656 717 1693 curn
739 1638 860 1693 esuriant
890 1646 918 1693 et
945 1638 1009 1693 nudi
1032 1638 1102 1700 sint,
1133 1657 1192 1697 nec
1217 1641 1351 1698 lrabeant
1380 1642 1493 1716 spiritales

195 1723 285 1784 cibos,
315 1739 402 1795 neque
425 1721 524 1778 Christi
548 1723 665 1778 tunicam
688 1723 820 1795 integram
843 1724 1036 1779 reservaverint
1058 1723 1137 1786 aliis,
1173 1734 1204 1781 et
1230 1725 1400 1783 alimoniam
1421 1737 1445 1782 et
1463 1743 1511 1783 ret:

196 1807 322 1863 stirnenta
344 1808 520 1881 promittunt,
548 1817 576 1864 et
603 1808 676 1882 pleni
706 1807 861 1863 vulneribus
884 1808 1052 1864 rnedicosse
1075 1826 1139 1865 esse
1168 1811 1301 1875 iaetant;
1334 1830 1386 1868 nec
1408 1821 1495 1868 serrant

114 1930 117 1935 -
197 1891 262 1948 illud
286 1892 431 1948 llosaicunr
455 1892 576 1949 ‘Provide
598 1892 679 1948 alium
704 1911 783 1967 quern
806 1893 915 1949 mittas!

128 1977 187 2027 tw.
261 1977 353 2033 Dixit
374 1976 582 2050 Pasquillus.
620 1977 706 2034 Facile
734 1978 787 2033 erit
816 1979 963 2034 reformare
991 1978 1140 2035 Ecclesiam
1173 1981 1237 2044 dei,
1276 1983 1304 2038 si
1336 1983 1496 2039 humilientur

196 2063 242 2136 qui
265 2062 316 2118 sibi
340 2071 546 2136 assumpserunt
567 2080 687 2124 cernuas
714 2064 736 2118 si
758 2063 919 2119 deiicientur
940 2063 973 2119 de
996 2063 1092 2121 officiis
1114 2074 1256 2130 ventres,
1291 2068 1405 2142 gulosi,
1432 2071 1495 2128 avan.

196 2147 312 2210 indocti,
336 2146 461 2221 superbi,
485 2146 552 2203 salse
574 2146 671 2210 zelosi,
701 2156 728 2203 et
756 2166 806 2222 pro
836 2149 878 2204 bis
907 2147 1087 2205 sublimentur
1116 2150 1262 2214 humiles,
1297 2153 1396 2216 docti,
1425 2155 1458 2228 pii
1476 2163 1516 2208 ur

195 2233 242 2306 qui
266 2232 426 2289 traditiones
448 2233 587 2288 hominum
610 2241 785 2289 centemnunt
807 2242 835 2289 et
864 2231 941 2288 nihili
970 2234 1084 2290 laniunt:
1115 2235 1194 2292 sicut
1218 2238 1370 2313 scriptum
1392 2249 1434 2295 est
1455 2240 1497 2293 ‘lle-

196 2317 298 2391 ‘posuit
321 2324 448 2390 potentes
476 2318 509 2371 dc
538 2319 601 2373 scde
624 2327 651 2374 et
673 2317 799 2374 exaltavit
820 2318 954 2381 lininiles,'
997 2320 1149 2376 etiterum
1176 2323 1264 2378 ‘Deus
1290 2325 1425 2399 superbis
1446 2326 1497 2379 resi

196 2402 267 2465 sut,
296 2401 444 2458 humilibus
466 2411 555 2458 autern
577 2402 623 2459 dat
645 2404 782 2476 gratiam:
812 2405 960 2460 etiterum
982 2404 1015 2460 de
1038 2403 1101 2459 Saul
1125 2406 1167 2461 ait
1197 2407 1341 2464 dominus
1373 2411 1446 2466 *θυι
1465 2427 1496 2464 es·

196 2497 248 2544 ‘ses
264 2487 374 2568 humilis
398 2488 425 2541 in
444 2487 531 2543 oculis
555 2489 622 2550 tuis,
646 2505 698 2562 ego
721 2496 748 2544 te
771 2487 841 2561 elegi
865 2490 891 2544 in
914 2505 1021 2562 regens:
1045 2490 1154 2562 quando
1180 2500 1282 2548 autem
1310 2493 1447 2550 elevatum
1466 2505 1497 2549 est

197 2581 255 2629 ‘cor
279 2581 367 2635 tuum,
390 2589 442 2644 ego
465 2581 492 2628 te
514 2572 598 2629 abieci
621 2573 655 2629 ab
677 2572 763 2629 oculis
786 2574 871 2629 rucis!
915 2573 1034 2630 Viderint
1057 2575 1114 2630 hare
1136 2577 1302 2650 arripullosi
1329 2590 1463 2654 pastores.
1502 2592 1517 2629 5

128 2660 185 2710 §.tn
260 2658 352 2713 ltirit
375 2657 551 2714 l'ndiscus.
588 2657 757 2733 Completum
788 2666 830 2713 est
853 2659 878 2714 in
902 2658 1020 2733 praelatis
1042 2658 1172 2717 Ecclesiae
1197 2672 1305 2719 nostra
1331 2674 1417 2721 astate
1439 2666 1497 2739 quod

195 2743 322 2817 predixit
348 2741 439 2798 Esaias
467 2743 601 2818 propheta
629 2743 773 2817 capiteiii.
818 2743 880 2799 ‘Vos
912 2744 982 2799 enirn
1017 2744 1121 2818 depasti
1151 2748 1225 2802 estis
1257 2748 1375 2806 vineam
1410 2768 1496 2806 meana

195 2829 298 2903 ‘rapina
320 2827 448 2902 pauperis
471 2827 498 2883 in
520 2829 600 2885 domo
622 2837 725 2884 vestra:
749 2846 832 2901 quare
853 2829 971 2885 atteritis
994 2829 1124 2904 populum
1146 2847 1260 2896 meum,
1288 2844 1321 2890 et
1345 2836 1432 2893 facies
1446 2854 1498 2910 pau

195 2921 299 2988 ‘perum
321 2911 511 2968 commolitisl'
534 2912 586 2969 lani
608 2914 679 2969 enirn
703 2912 809 2987 praelati
825 2912 1000 2970 Ecclesiarum
1024 2931 1158 2988 pauperes
1174 2917 1387 2993 delinquentes
1403 2921 1498 2996 publice

195 3007 328 3071 arguunt,
351 2999 595 3060 excommunicant,
625 3007 784 3072 aggravant,
814 3008 1006 3073 rcaggravaut,
1025 2999 1217 3063 ¹confundunt:
1249 3004 1396 3061 divitibus
1419 3016 1519 3062 auten*

194 3085 287 3158 peiora
303 3081 478 3157 peccantibus
493 3101 527 3138 ne
543 3083 681 3139 minimum
705 3084 812 3157 quidem
835 3085 923 3141 lacere
945 3085 1058 3146 audeat,
1081 3092 1109 3140 et
1132 3087 1230 3159 rapina
1257 3092 1401 3165 pauperis
1424 3093 1498 3147 estu

193 3168 319 3225 domibus
341 3185 449 3229 eorum,
474 3168 536 3242 quia
559 3167 665 3242 replent
689 3169 830 3225 thesauros
853 3187 931 3231 suos,
962 3179 989 3225 et
1012 3170 1137 3226 Ecclesiae
1161 3171 1271 3244 opibus
1298 3175 1459 3233 abutuntur
1477 3178 1498 3232 iu

192 3253 316 3320 delitias,
345 3252 521 3327 publicasque
544 3254 643 3327 stipes,
674 3271 734 3327 quae
758 3254 789 3309 ad
813 3255 1037 3310 sustentationem
1066 3272 1219 3329 pauperum
1249 3259 1332 3316 datar
1357 3271 1438 3324 sunt,
1465 3261 1500 3318 sel

193 3339 245 3395 sibi
267 3345 406 3395 reservant
429 3336 470 3393 vel
492 3339 654 3413 propinquis
676 3339 856 3400 distribuunt.
886 3347 914 3395 et
943 3340 1056 3396 alienam
1087 3340 1208 3415 inopiam
1232 3340 1500 3423 snas'suorumque

192 3423 296 3481 iaciunt
316 3441 377 3480 esse
398 3423 513 3479 divitias.
981 3426 984 3431 '
1506 3443 1522 3481 n

125 3517 184 3565 §.12
258 3509 350 3564 llixit
370 3508 580 3581 Pasquillus.
619 3508 686 3565 Vere
708 3510 741 3565 de
763 3508 976 3566 llonianensibus
999 3518 1027 3566 et
1047 3510 1125 3566 malis
1146 3510 1284 3570 Ecclesiae
1312 3517 1501 3590 praelatisirn·

193 3593 295 3669 pletum
320 3602 362 3650 est
384 3594 457 3667 quod
478 3594 546 3650 dirit
568 3593 689 3650 Ezechiel
712 3614 751 3651 ca.
768 3595 793 3650 ii.
840 3595 946 3652 ‘hornus
969 3603 1213 3669 exasperataest:
1242 3600 1298 3672 qui
1335 3603 1440 3660 oeulos
1462 3604 1501 3659 he

138 3668 141 3672 ’
196 3679 270 3735 ‘bent
292 3680 325 3734 ad
348 3679 505 3742 videndum,
535 3688 563 3735 et
584 3696 639 3735 non
661 3680 765 3741 vident,
794 3689 923 3736 stauros
951 3681 982 3736 ad
1010 3681 1184 3743 suiliendurn,
1215 3689 1244 3737 et
1276 3701 1342 3742 non
1373 3690 1501 3750 audiunt'.

193 3765 257 3838 quia
280 3765 351 3820 ‘ceci
375 3772 438 3819 sunt
461 3772 488 3821 et
509 3765 591 3820 duces
613 3766 765 3821 cecorum?

125 3853 185 3902 hil·
258 3849 348 3905 llirit
371 3849 546 3906 Vadisous.
583 3849 641 3906 Non
664 3859 726 3906 aute
748 3867 839 3925 paceni
864 3850 972 3906 habebit
995 3849 1111 3906 Ecclesia
1133 3850 1250 3915 (bristi.
1276 3856 1340 3913 nisi
1367 3861 1450 3934 prius
1464 3870 1527 3916 ter-u

194 3935 300 3991 turbata
322 3934 405 3991 luerit
426 3935 504 3991 sedes
526 3934 571 3991 illa
594 3934 711 3996 Saunre,
735 3953 796 4010 quae
819 3935 988 3998 esthama,
1012 3945 1039 3992 et
1062 3943 1118 3991 tota
1142 3934 1188 3991 illa
1212 3938 1325 3998 cohors
1352 3945 1504 4003 scribamve

193 4030 221 4076 et
243 4020 440 4093 phariseorum.

125 4107 182 4157 att.
255 4104 348 4160 llixit
370 4104 585 4178 Pasquillus.
623 4105 872 4180 Pseudoprophetas
904 4104 957 4167 illi,
990 4106 1016 4161 id
1049 4115 1090 4161 est
1118 4106 1298 4172 Summistm,
1339 4114 1506 4179 (lauonrsta,

191 4189 332 4251 Scotista,
357 4189 503 4246 Themista
525 4198 553 4246 et
574 4199 734 4247 ceterarum
757 4191 892 4246 haeresum
915 4199 1078 4252 sectatores,
1102 4191 1165 4264 qula
1188 4191 1347 4253 ‘linierunt
1373 4204 1507 4276 parietem

258 4456 575 4509 ⁵1ssi.111.o...10.12.
622 4457 831 4524 'respondebit
850 4458 886 4511 Is.
936 4457 957 4490 ¹⁷
975 4457 1285 4514 Of.Genes.XL1.33,
1345 4467 1369 4501 ¹⁹
1391 4471 1509 4539 comm]

191 4543 227 4593 cf.
241 4559 268 4608 p.
281 4540 339 4591 579.
352 4558 379 4592 v.
395 4541 435 4590 l'l.
504 4541 525 4575 ²¹
544 4544 881 4609 Evang.see.Luc.l.52.
950 4541 972 4575 ‘²
994 4544 1083 4608 Epist.
1096 4543 1192 4593 Iacob.
1208 4546 1260 4597 IV.
1274 4547 1302 4601 6.
1385 4553 1410 4588 ὓ
1430 4557 1477 4609 cs,
1489 4560 1509 4609 1.

191 4627 259 4692 Reg.
273 4626 385 4678 XV.ll.
399 4641 457 4690 sqq.
515 4627 795 4679 ²⁷1sai.111.1t.15.
871 4627 891 4661 ³¹
911 4626 986 4693 min]
1007 4626 1126 4678 minirult
1144 4632 1169 4678 1.
1250 4632 1506 4695 ”Egeohqffl

189 4711 251 4761 x11.
265 4712 290 4759 2.
345 4710 366 4742 ³⁹
384 4712 490 4778 Evang.
505 4728 561 4763 sec.
575 4714 674 4763 Mutlh.
688 4716 746 4766 XV.
762 4714 801 4765 ld.
854 4714 876 4747 ⁴⁴
901 4712 1266 4784 ct.nzech.xl11.10.sq.
