3276 5414
351 426 467 461 orsaorsa
488 426 595 460 surreie
613 421 731 463 susurre
750 427 875 462 caismos.
897 407 939 478 [n]
960 427 1105 463 nsrrsuvs
1125 426 1268 486 carrrsrs.
1378 397 1452 470 593

75 586 86 667 ,’
157 584 266 648 lenuis,
290 595 344 642 tarn
367 584 519 660 populosa,
545 593 598 642 tam
620 585 781 660 huperialis.
814 595 866 643 tarn
890 585 1024 644 instructa
1044 587 1110 643 viris
1133 587 1212 644 etiarn
1235 587 1403 645 doctissimis
1425 597 1453 644 et

75 678 86 695 ⁸
158 670 367 733 sacerdotibus,
389 672 479 745 possit
500 672 611 728 errare?
1399 736 1404 747 .

79 747 85 771 ¹
225 756 317 811 llinit
338 754 555 831 Pasquillus.
592 756 649 829 ligo
678 773 735 812 rena
763 774 870 812 onmem
902 766 1078 831 percontatus
1107 776 1180 814 sum:
1208 758 1355 814 lutherani
1382 764 1518 815 suntsed

160 841 320 914 quicunqne
335 840 471 896 Christum
487 840 531 915 pie
546 840 655 898 colunt:
677 841 771 915 ecquis
788 842 861 897 enirn
876 841 954 897 illum
970 859 1057 916 usque
1080 843 1132 899 huc
1147 843 1251 915 arguit,
1274 851 1304 899 et
1317 861 1371 899 uon
1387 861 1452 899 con·

75 928 77 939 '
132 924 243 982 sinsus
272 927 333 982 esti
362 924 456 981 liccius
485 943 519 981 ne
545 944 576 983 ae
603 927 664 982 sui‘l
692 944 726 981 an
747 927 890 983 hlurnarus
913 925 958 982 ille
981 927 1127 1000 theologus
1149 945 1211 985 rere
1239 929 1334 989 nriser.
1365 929 1452 1004 imppr

75 1006 83 1043 '¹
160 1028 328 1083 congressus
360 1008 478 1066 Achilli?
512 1011 639 1084 indiguus
666 1020 755 1073 certe,
788 1014 866 1068 cuius
900 1013 981 1085 nugis
1011 1013 1175 1087 respondeat
1201 1014 1242 1068 vir
1268 1013 1451 1069 doctissimus.

80 1104 87 1133 ²
161 1094 216 1151 Ssd
238 1096 271 1150 ad
293 1095 448 1169 Principum
470 1097 605 1152 comitiam
628 1114 671 1153 me
701 1097 816 1171 recipio,
845 1113 913 1153 nora
943 1097 1005 1153 istic
1034 1098 1196 1154 rimatores:
1227 1098 1335 1154 interim
1357 1098 1453 1155 horna·

161 1181 249 1235 nistas
272 1180 427 1236 observabis
451 1189 489 1236 tu.

467 1670 800 1748 Hv‘rmuuvs
834 1671 1149 1766 oanrrvvs

610 1878 1008 1929 turstauoov'ronus.

551 1996 721 2047 DEClhlVS.

551 2080 752 2134 cvttntssrrt.

550 2165 811 2217 sttuonlrnuvs.

550 2251 753 2301 HVTTENVS.

552 2334 773 2386 Fttsncrscvs
792 2337 841 2387 DE
860 2335 1064 2386 SICKINGEN.

228 2471 395 2530 Decimus.
431 2475 546 2543 Adeste,
569 2475 702 2538 ehodum,
731 2478 837 2540 celeste,
867 2466 1092 2552 speculatores,
1120 2476 1288 2551 paediconcs,
1313 2484 1504 2548 ganeonessn.

166 2563 193 2610 et
216 2556 368 2632 manipulus
390 2558 489 2616 lurum.

228 2643 445 2701 Curtisanus.
482 2645 521 2702 En
544 2647 684 2709 adsumus.
707 2647 850 2708 adsumus.
873 2648 977 2706 Docimo
1001 2656 1096 2722 terque
1119 2655 1272 2722 quaterque
1295 2646 1415 2702 maxime.

226 2727 388 2785 [lecimus.
426 2729 496 2796 Quin
530 2733 665 2807 externplo
700 2734 935 2809 comprehensible,
976 2732 1111 2806 iugulate.
1153 2732 1268 2789 occidite
1302 2732 1376 2787 ferro
1410 2730 1452 2786 vel

125 2818 276 2868 ²⁰vsueno.
770 2817 779 2835 '

226 2896 447 2957 Curtisanns.
484 2901 570 2970 Quos,
595 2903 728 2961 obsecro?

226 2982 386 3041 llccimus.
424 2986 494 3042 linos
517 2986 579 3044 illos
602 2989 761 3051 seditiosos,
785 2989 966 3050 scismaticos.
991 2988 1138 3045 llnttenum
1160 2995 1187 3043 et
1210 2987 1366 3043 botherum.

226 3067 447 3126 Curtisanus.
484 3072 556 3128 llorm
579 3074 671 3136 vorlia.
694 3074 818 3130 columen
842 3084 979 3130 nostrum:
1003 3073 1201 3129 arbitrabamur
1224 3082 1249 3129 te
1265 3071 1353 3126 subita
1369 3070 1447 3144 phrc·
1462 3079 1507 3129 §.n

164 3152 222 3207 nesi
244 3162 400 3229 correptum
423 3156 464 3212 vel
486 3158 585 3220 mania.
615 3159 662 3233 qui
685 3160 724 3213 sic
747 3159 878 3220 insanias.
907 3159 946 3215 sic
968 3159 1045 3213 iuriis
1069 3157 1198 3221 insultem
1226 3174 1318 3213 verum
1342 3156 1391 3212 hos
1415 3156 1452 3211 la·

129 3236 218 3292 ascite
240 3239 292 3293 erit
313 3240 440 3314 perdere.
463 3242 486 3297 si
509 3243 547 3299 sic
570 3244 651 3299 rebus
675 3244 729 3299 tuis
752 3245 835 3300 luerit
857 3242 1020 3300 consultum.

228 3322 392 3380 llecinrus.
430 3326 528 3382 Athis
551 3329 676 3384 emedio
700 3327 813 3384 sublatis
836 3346 887 3403 pax
908 3329 969 3384 erit.
1015 3335 1044 3382 tu
1066 3327 1154 3383 caesim
1177 3325 1303 3401 poculum
1326 3325 1365 3381 illi
1388 3341 1452 3398 pro·

164 3406 271 3480 pineto.
294 3427 395 3466 veneno
418 3411 546 3475 mixtum,
569 3412 685 3487 ciboque
709 3413 780 3468 illius
803 3413 927 3486 insperso
951 3411 1065 3468 ellebori
1088 3411 1234 3467 semiuncia
1257 3409 1297 3465 vel
1321 3426 1451 3466 sennuuo·

164 3509 238 3553 nece,
261 3494 284 3549 si
306 3494 398 3558 lubet;
422 3496 517 3570 quodsi
542 3514 595 3554 non
618 3497 796 3560 successerit,
824 3497 935 3552 armatis
956 3497 1043 3571 copiis
1056 3497 1184 3553 uinctum
1206 3495 1258 3550 huc
1280 3494 1449 3568 prehabito:

163 3594 215 3650 ego
236 3596 286 3652 per
307 3580 464 3637 Curtisanos
486 3580 575 3639 literis
598 3601 675 3658 agam
697 3583 768 3657 apud
792 3582 937 3656 optimates
960 3590 987 3637 ct
1009 3580 1174 3656 Episcopos‚
1197 3596 1231 3636 ne
1254 3580 1325 3635 huuc
1346 3579 1452 3653 patian-

127 3668 155 3707 :to
166 3669 211 3716 tur
232 3662 312 3720 elabi.

226 3747 445 3807 cortisanos.
477 3744 581 3808 ‘Verum
602 3753 635 3809 de
658 3752 778 3808 Luthero
801 3751 867 3825 quid
888 3767 983 3808 censes
1005 3749 1176 3807 faciundum?
1457 3755 1508 3806 §.a

227 3833 392 3891 llecimus.
429 3837 500 3892 idem
528 3855 658 3912 prorsus:
686 3854 779 3893 verum
807 3836 850 3892 bic
878 3836 955 3910 prior
977 3845 1036 3892 esto
1059 3835 1202 3891 liuttenus.
1247 3834 1311 3907 qnid
1333 3832 1405 3889 enirn
1427 3833 1450 3887 si

162 3916 189 3970 iu
212 3918 339 3975 omuibus
359 3920 461 3976 chartis
482 3920 606 3978 illinierit
628 3939 686 3978 men
708 3922 810 3995 llagitia
831 3921 984 3977 botherus?
1014 3923 1140 3993 ingerent
1168 3918 1273 3976 tandem
1298 3918 1353 3974 ham
1377 3917 1453 3972 lasti·

162 4001 236 4056 dium
259 4001 422 4068 lectoribus.
446 4006 545 4079 quibus
568 4014 597 4063 et
619 4007 645 4063 in
669 4008 758 4063 iocum
781 4016 808 4063 ct
831 4005 948 4063 sabulum
964 4024 1058 4062 versus
1074 4023 1149 4067 sum;
1172 4011 1199 4059 at
1216 4004 1341 4058 iocentur
1355 4000 1450 4066 libere,

128 4094 154 4131 31·
166 4086 247 4140 modo
270 4104 322 4143 nou
345 4100 474 4147 noceant:
504 4089 549 4148 ille
572 4110 626 4148 non
650 4101 703 4147 tarn
727 4101 883 4166 portentum
906 4109 956 4147 nos
980 4092 1057 4151 iacit.
1088 4107 1168 4163 quarn
1190 4088 1301 4144 esitium
1323 4087 1450 4146 minatur.

162 4178 189 4224 ct
213 4170 285 4227 l'etri
309 4173 441 4248 inopiam.
465 4177 581 4250 stipatus
605 4185 647 4232 tot
669 4176 777 4233 milibus
799 4176 932 4232 nobilium
955 4175 1167 4237 Germanorum,
1191 4191 1261 4248 quos
1278 4173 1305 4228 in
1320 4178 1450 4246 prompto

162 4261 218 4316 est,
243 4263 274 4311 ut
295 4256 322 4313 in
343 4275 395 4315 nos
417 4260 518 4317 enimet
539 4261 621 4318 homo
644 4262 711 4337 mire
734 4261 888 4318 audaculus.

162 4372 232 4378 ......--
242 4373 365 4383 ᾖ

230 4419 278 4464 ⁵⁸¹²
295 4422 566 4488 Vcrg.Aen.1.-175.
608 4426 628 4457 ¹⁶
646 4430 827 4491 geneonesi.
870 4425 890 4458 '²
909 4425 1064 4492 mnnlpnlus
1082 4441 1173 4475 omues.
1210 4423 1231 4456 ²⁰
1250 4423 1353 4485 Cnosis,
1377 4423 1451 4471 tots.

162 4506 248 4555 cussis
261 4509 287 4556 3.
310 4508 383 4569 Quid
396 4509 448 4561 hoc
459 4514 545 4560 cusia:
558 4516 713 4576 corruptum
725 4518 790 4576 puto
802 4527 900 4562 nomen
918 4513 973 4562 sibi
990 4511 1059 4562 velit
1071 4526 1166 4575 perum
1183 4493 1330 4574 intellego:
1349 4522 1385 4556 sn
1397 4521 1453 4556 cus-

160 4594 226 4640 sim?
244 4606 381 4642 venenum
398 4594 509 4659 aliquod
527 4594 679 4660 significari
696 4596 824 4661 ndpsreh
843 4612 906 4646 nam
924 4576 958 4646 dei
971 4596 1064 4645 Cresia
1082 4611 1099 4645 s
1117 4594 1247 4645 coedendo
1265 4592 1331 4642 fictu
1344 4592 1397 4640 des
1409 4604 1454 4640 eo·

162 4676 252 4739 gitsre
271 4692 329 4727 mos
341 4677 435 4728 horum
452 4678 622 4744 dialogorum
640 4685 726 4729 vetut.
778 4679 801 4711 ²⁷
819 4681 1000 4731 Scammoneu
1018 4685 1062 4730 cst
1078 4695 1177 4731 succus
1194 4676 1372 4730 lactescentis
1389 4690 1453 4727 con-

161 4761 427 4826 somniassem,
448 4763 495 4828 qui
512 4779 610 4830 corpus
626 4769 726 4829 purget
744 4768 772 4814 et
791 4765 927 4815 exhaurit.

221 4848 353 4900 Herum
372 4848 512 4901 Orneon.
520 4849 589 4901 1111.
1192 4846 1232 4911 38
