3276 5414
256 376 304 446 46
552 391 603 442 tlt.
674 408 811 444 ursnvevs
832 408 854 442 s.
875 407 956 442 aven.
992 407 1140 444 eraeoevs.
1160 392 1247 458 (tate.)

195 564 241 615 §.t
319 579 447 621 enerve.
485 558 574 620 Valde
597 568 704 638 praeter
726 562 892 638 opinionem
915 561 969 620 ista
992 580 1103 621 narras
1148 563 1273 643 proinde
1300 564 1324 622 si
1351 563 1405 624 tibi
1426 564 1548 632 videtur,

256 682 318 722 rein
342 662 449 722 clarius
471 680 598 739 expone,
624 645 656 721 nl
677 663 801 722 edoceas
824 681 887 724 earn
910 664 1012 732 vitam,
1036 666 1064 724 in
1088 684 1144 743 qua
1168 671 1195 724 to
1219 683 1273 742 ego
1296 664 1480 725 lortrnmtum
1503 686 1549 727 ex·

255 763 437 832 istirualvem,
461 770 549 840 atque
570 764 660 840 igitur
682 765 788 824 imitari
811 765 1016 834 decreveram,
1039 773 1193 844 tantopere
1215 766 1415 827 calamitosam
1439 785 1513 827 esse.

318 884 483 926 ursavnvs.
523 864 618 924 l'aeile
641 873 685 924 est
708 866 764 925 lroe
786 865 963 944 intelligere,
988 867 1086 927 Casto:
1117 868 1197 928 vides
1227 869 1304 936 enirn
1333 876 1367 928 ut
1388 867 1481 929 breve
1504 871 1546 929 vix

254 976 370 1046 tempus
393 964 518 1044 colloqui
541 985 620 1026 rrrrrre
642 974 739 1026 teemn
762 968 861 1035 lieeat,
885 968 979 1026 amieo
996 976 1108 1037 vetere,
1132 977 1160 1029 et
1175 968 1286 1048 aliquot
1301 971 1357 1030 ianr
1373 977 1441 1047 post
1456 988 1578 1030 anuoss

254 1070 371 1130 tandem
395 1069 499 1127 reviso.
544 1067 603 1128 lure
625 1067 671 1127 illa
696 1069 773 1144 cogit
793 1075 906 1129 temere
935 1068 988 1128 alis
1017 1077 1044 1129 te
1074 1069 1142 1130 lelix
1169 1064 1270 1148 putata
1303 1072 1447 1140 enarditio;
1470 1089 1549 1133 ,nant

254 1173 290 1232 ad
313 1172 468 1248 septimam
490 1169 585 1228 stetim
609 1169 711 1231 lrorern
735 1170 871 1231 standum
894 1171 929 1230 ad
958 1172 1099 1249 principis
1128 1171 1279 1241 conclave,
1315 1191 1402 1252 quern
1432 1173 1477 1234 sic
1498 1191 1549 1251 op·

254 1274 343 1351 periri
367 1272 533 1332 ceremonia
557 1279 610 1331 est.

318 1393 444 1436 enerve.
484 1372 519 1431 Et
542 1372 682 1451 quamdiu
705 1371 860 1432 standum?

318 1494 482 1536 ursavnvs.
521 1473 638 1551 Aliquot
660 1490 737 1550 saepe
760 1473 858 1534 hores,
1558 1500 1579 1538 u

319 1596 444 1638 erasrvs.
483 1574 576 1645 Quem
599 1576 628 1634 in
651 1576 756 1635 visunt?

317 1697 481 1739 ursavevs
520 1676 614 1736 Olllrll
637 1694 739 1746 eausa,
763 1677 858 1756 siquid
881 1677 986 1737 iubere
1007 1676 1073 1737 velit
1096 1676 1143 1737 ille
1167 1678 1261 1745 lorte,
1291 1685 1341 1738 aut
1363 1698 1401 1738 ne
1423 1698 1483 1758 quo
1506 1682 1548 1740 iu·

254 1782 417 1842 comitatior
441 1786 532 1839 exeat.
572 1779 646 1839 adeo
672 1796 737 1838 mea
767 1780 862 1837 onmia
887 1787 967 1839 extra
996 1796 1044 1839 nte
1072 1786 1155 1848 surn;
1189 1781 1251 1856 ipse
1273 1779 1310 1840 eb
1333 1780 1455 1841 alterius
1477 1789 1547 1841 nutu

165 1920 169 1938 ·
255 1902 289 1944 ae
311 1882 434 1960 irnperio
456 1887 534 1940 totns
556 1880 679 1957 pendeo.
983 1951 986 1954 ἦ

192 1993 237 2042 §.a
320 2003 445 2045 enerve.
484 1981 579 2054 Ouid?
611 1980 681 2041 illud
712 1980 869 2060 pulchrum
897 2000 955 2041 nou
986 1990 1029 2042 est
1051 1983 1093 2043 sle
1116 1984 1234 2044 vestiri?
1266 2002 1382 2043 summo
1405 2003 1473 2044 oum
1496 1984 1579 2048 iio-e

253 2089 332 2148 nrine
354 2084 597 2145 consuetudinem
621 2083 749 2144 liaberet
771 2084 816 2142 liis
839 2083 1069 2144 immunitatibus
1092 2085 1163 2153 lrni,
1187 2086 1250 2146 lnee
1272 2092 1469 2153 contrectare,
1493 2085 1548 2146 line

253 2186 386 2265 ingredi?

315 2305 478 2348 sersavuvs.
517 2285 611 2358 Quint
635 2283 704 2345 illud
728 2285 859 2346 tlelorme
882 2305 941 2346 tion
965 2293 1008 2347 est
1031 2288 1066 2348 ed
1083 2286 1212 2349 subitum
1228 2287 1414 2348 tintinuabulr
1430 2286 1548 2365 pulsum

254 2392 337 2470 quiesi
360 2388 480 2448 lulnriue
503 2387 636 2447 territum
660 2388 702 2447 sle
725 2383 842 2455 exilire,
867 2386 987 2448 alvieetis
1010 2389 1147 2449 omnibus
1169 2389 1205 2448 ad
1229 2391 1335 2450 summi
1364 2388 1440 2450 illius
1470 2390 1548 2449 tores

254 2494 428 2557 eovrsistere,
453 2488 551 2566 ibique
575 2507 632 2547 nou
656 2496 768 2548 tanturn
792 2490 860 2567 quid
885 2487 931 2549 ille
954 2489 1066 2560 iubeat,
1090 2491 1141 2550 sed
1165 2500 1194 2551 et
1216 2492 1285 2569 qnid
1308 2501 1381 2551 utrtu
1404 2492 1580 2568 significet„

254 2599 304 2654 adt
326 2593 415 2670 digito
439 2599 554 2669 erepet,
577 2591 713 2668 religiose
737 2591 822 2650 etad
847 2591 1021 2652 anxietatem
1045 2610 1138 2670 usque
1160 2592 1338 2653 ohservare?
1360 2590 1475 2652 nullum
1498 2592 1548 2651 lra-

253 2695 325 2756 lvere
347 2693 402 2754 silui
423 2700 556 2770 tenipus,
579 2691 692 2753 uvdlurn
714 2690 812 2752 locum
836 2695 1005 2770 proprium,
1034 2695 1130 2753 onmia
1154 2694 1307 2770 precario?
1336 2692 1429 2754 aliena
1452 2694 1548 2754 vivere

253 2796 382 2876 quadra?
406 2794 441 2854 ad
465 2812 581 2854 omnem
606 2795 747 2873 priuripis
770 2813 926 2855 occursum
943 2793 1069 2872 pallere,
1094 2794 1285 2863 erubescere,
1309 2795 1452 2871 fugitaret
1475 2814 1548 2855 non·

253 2916 403 2976 rrtrrrquern
434 2897 536 2956 timere
565 2915 599 2955 ae
627 2895 855 2972 obstupescere,
888 2903 951 2957 tunt
986 2895 1075 2957 multa
1109 2895 1246 2957 simulare
1279 2916 1313 2957 ee
1346 2896 1550 2958 ‹lissimularel

253 3000 337 3060 toties
359 3017 454 3076 genua
477 2998 642 3065 iullertere,
666 2998 808 3075 tantisper
830 2997 909 3057 nudo
925 3016 989 3057 esse
1006 2997 1131 3057 vertice?
1154 3000 1250 3058 omniu
1267 2997 1425 3068 serviliter,
1450 2999 1581 3061 omniau

252 3099 423 3179 suppliciter
445 3118 548 3177 agere,
584 3118 732 3177 turriquonr
756 3100 798 3158 tui
821 3100 892 3159 iuris
915 3098 998 3159 esse?
1030 3102 1143 3177 magnis
1172 3101 1220 3161 diu
1250 3099 1415 3170 lalaorilvus,
1449 3101 1548 3161 rnultis

253 3201 355 3282 vigiliis
379 3203 507 3261 lavorern
531 3201 657 3261 lvonrinis
679 3201 816 3278 raptare?
839 3200 996 3261 observare
1019 3219 1056 3261 ne
1079 3202 1148 3280 quid
1172 3201 1251 3262 dieas
1274 3202 1351 3280 quod
1375 3200 1424 3261 ille
1438 3201 1548 3281 proba·

253 3312 336 3365 turus
360 3321 418 3363 urm
441 3304 491 3371 sit,
515 3301 624 3361 nedurn
647 3320 683 3361 ne
706 3302 775 3380 quid
800 3301 905 3362 lanias?
937 3311 1081 3381 perpetua
1110 3320 1177 3362 eum
1206 3301 1327 3379 parilvus
1349 3303 1454 3363 invidia
1478 3322 1547 3363 eon-

252 3407 375 3466 liietarii
396 3403 513 3464 laudern
535 3405 702 3481 pariterue
725 3405 967 3482 vituperationem
990 3390 1110 3482 indigno
1125 3403 1192 3463 loeo
1207 3405 1336 3482 quvrrerel
1360 3403 1431 3465 sitm
1447 3405 1548 3465 dicere
1596 3464 1600 3471 ,

252 3508 330 3588 ‹qrrrvd
353 3506 461 3566 sentias
482 3505 534 3565 sed
557 3505 635 3583 quod
658 3507 827 3565 eorrveuiatl
850 3504 974 3584 plurima
998 3505 1121 3575 debere,
1145 3505 1269 3585 plurima
1286 3514 1404 3585 accepta
1421 3507 1579 3576 reterreu

251 3609 408 3677 assentari,
432 3605 559 3672 adulari,
583 3607 679 3683 ipsum
703 3615 730 3666 te
753 3607 917 3687 negligere,
946 3610 1041 3667 onmia
1065 3607 1184 3668 alterius
1207 3626 1285 3667 euree
1308 3609 1473 3684 mancipata
1496 3607 1547 3668 lra-

255 3710 342 3779 lvere,
367 3708 483 3787 indigna
507 3707 597 3768 nrnlta
621 3709 731 3778 lacere,
760 3709 850 3770 inulta
874 3711 948 3788 peti,
978 3726 1055 3786 seepe
1079 3717 1180 3769 eorrtra
1202 3717 1337 3769 viaturam
1361 3710 1547 3770 conformare

252 3821 282 3873 te
304 3811 385 3872 aliis?

192 3916 237 3967 §.e
317 3933 442 3975 enerve.
480 3911 560 3972 lllare
583 3913 728 3974 melorum
752 3931 975 3973 eenrnrernoras.

314 4035 478 4078 versarere.
517 4014 608 4075 lteete
631 4017 672 4074 ais
695 4034 791 4084 triave,
821 4017 895 4076 etsi
919 4014 990 4076 libet
1017 4014 1094 4076 adde
1116 4013 1235 4094 Tyrium
1258 4033 1355 4082 mare,
1390 4013 1469 4093 quod
1493 4014 1580 4074 tiu-e

319 4286 665 4354 ³etque...deereuerem
684 4286 822 4340 uenturi.
884 4285 1025 4338 ltundent
1043 4290 1114 4338 emm.
1129 4289 1172 4338 13.
1237 4287 1299 4338 Huc
1318 4302 1388 4338 corr.
1401 4287 1438 4336 H.
1452 4302 1488 4336 ese
1500 4285 1547 4336 sse

252 4374 312 4424 edd.
373 4373 452 4423 foettx
471 4377 551 4425 Lete.
572 4372 639 4423 felix
656 4376 695 4420 5.·
746 4370 777 4403 ²⁸
795 4373 897 4437 operiri
914 4375 974 4423 edd.
986 4381 1088 4438 praeter
1104 4378 1129 4423 5.
1200 4373 1221 4406 ¹⁰
1239 4389 1304 4438 sepe
1323 4377 1349 4422 5.
1414 4369 1435 4403 ¹2
1452 4373 1545 4436 siq....

254 4459 326 4508 forto
349 4474 418 4507 eurr.
440 4459 473 4506 II.
498 4458 560 4508 dum
588 4456 694 4521 aliquid
718 4457 765 4506 ille
794 4458 902 4520 iubent,
931 4460 991 4508 edd.
1067 4456 1088 4490 ¹³
1105 4463 1174 4507 nutu
1193 4459 1258 4522 serit
1276 4459 1312 4506 H.
1330 4472 1367 4506 ere
1390 4457 1466 4505 ivissu
1485 4456 1544 4506 edd.

252 4542 273 4574 ¹⁶
291 4542 362 4592 lllud
376 4544 410 4592 H.
457 4540 558 4607 '‘hee]
577 4542 672 4591 heed.
718 4541 957 4592 “tintinabulis
977 4557 1013 4592 nn
1032 4544 1150 4593 coruli.
1187 4539 1209 4574 ²¹
1228 4542 1265 4591 ul.
1278 4543 1333 4592 vir.
1348 4541 1455 4606 quadra
1473 4541 1505 4605 (i.
1521 4558 1545 4592 e.

252 4627 370 4689 mense).
390 4627 667 4677 ravennenses.
708 4625 728 4659 ³¹
748 4642 813 4676 eure
832 4632 857 4677 5.
878 4630 951 4679 Com.
967 4629 1002 4677 H.
1049 4627 1073 4660 ⁸⁵
1091 4642 1166 4678 mare
1186 4628 1314 4678 ordinum.
1334 4631 1359 4676 in
1377 4631 1545 4692 ampetio·

254 4711 348 4776 ‘'rym
367 4713 463 4761 rneria‘
482 4713 510 4760 in
528 4712 703 4778 proverbium
721 4712 867 4763 deductum
886 4720 994 4764 estete.
1013 4713 1089 4765 Feet.
1103 4713 1148 4764 ed.
1160 4713 1269 4764 mutter.
1288 4730 1315 4779 p.
1329 4712 1388 4764 355.
