<?xml version="1.0" encoding="UTF-8"?>
<!DOCTYPE html PUBLIC "-//W3C//DTD XHTML 1.0 Transitional//EN"
    "http://www.w3.org/TR/xhtml1/DTD/xhtml1-transitional.dtd">
<html xmlns="http://www.w3.org/1999/xhtml" xml:lang="en" lang="en">
 <head>
  <title>
</title>
<meta http-equiv="Content-Type" content="text/html;charset=utf-8" />
  <meta name='ocr-system' content='tesseract 3.04.00' />
  <meta name='ocr-capabilities' content='ocr_page ocr_carea ocr_par ocr_line ocrx_word'/>
</head>
<body>
  <div class='ocr_page' id='page_1' title='image "./ulrichihuttenie10huttgoog_0462.png"; bbox 0 0 3276 5414; ppageno 0'>
   <div class='ocr_carea' id='block_1_1' title="bbox 386 398 1450 469">
    <p class='ocr_par' dir='ltr' id='par_1_1' title="bbox 386 398 1450 469">
     <span class='ocr_line' id='line_1_1' title="bbox 386 398 1450 469; baseline 0.002 -7"><span class='ocrx_word' id='word_1_1' title='bbox 386 429 411 462; x_wconf 68' lang='lat' dir='ltr'><strong>p,</strong></span> <span class='ocrx_word' id='word_1_2' title='bbox 425 429 450 462; x_wconf 77' lang='grc' dir='ltr'><strong>Δ.</strong></span> <span class='ocrx_word' id='word_1_3' title='bbox 466 429 489 462; x_wconf 70' lang='lat' dir='ltr'><strong>i&#39;·</strong></span> <span class='ocrx_word' id='word_1_4' title='bbox 505 428 641 464; x_wconf 74' lang='lat' dir='ltr'><strong>Lluuuuvit</strong></span> <span class='ocrx_word' id='word_1_5' title='bbox 661 429 696 462; x_wconf 69' lang='lat' dir='ltr'><strong>DE</strong></span> <span class='ocrx_word' id='word_1_6' title='bbox 716 429 800 464; x_wconf 74' lang='lat' dir='ltr'><strong>oulrv</strong></span> <span class='ocrx_word' id='word_1_7' title='bbox 819 430 891 464; x_wconf 72' lang='lat' dir='ltr'><strong>lvuu</strong></span> <span class='ocrx_word' id='word_1_8' title='bbox 911 430 935 463; x_wconf 74' lang='lat' dir='ltr'><strong>P.</strong></span> <span class='ocrx_word' id='word_1_9' title='bbox 951 430 978 463; x_wconf 77' lang='lat' dir='ltr'><strong>u.</strong></span> <span class='ocrx_word' id='word_1_10' title='bbox 1032 431 1058 464; x_wconf 73' lang='lat' dir='ltr'><strong>A.</strong></span> <span class='ocrx_word' id='word_1_11' title='bbox 1073 430 1099 463; x_wconf 79' lang='grc' dir='ltr'><strong>Ι).</strong></span> <span class='ocrx_word' id='word_1_12' title='bbox 1114 430 1237 463; x_wconf 79' lang='lat' dir='ltr'><strong>tt.n.x111.</strong></span> <span class='ocrx_word' id='word_1_13' title='bbox 1377 398 1450 469; x_wconf 74' lang='grc'><strong>429</strong></span> 
     </span>
    </p>
   </div>
   <div class='ocr_carea' id='block_1_2' title="bbox 125 585 1524 1589">
    <p class='ocr_par' dir='ltr' id='par_1_2' title="bbox 125 585 1524 1589">
     <span class='ocr_line' id='line_1_2' title="bbox 160 585 1509 660; baseline -0.001 -18"><span class='ocrx_word' id='word_1_14' title='bbox 160 586 232 642; x_wconf 88' lang='lat' dir='ltr'><strong>bella</strong></span> <span class='ocrx_word' id='word_1_15' title='bbox 254 595 388 642; x_wconf 83' lang='lat' dir='ltr'><strong>moveant.</strong></span> <span class='ocrx_word' id='word_1_16' title='bbox 432 585 485 640; x_wconf 90' lang='lat' dir='ltr'><strong>lam</strong></span> <span class='ocrx_word' id='word_1_17' title='bbox 510 586 625 660; x_wconf 83' lang='lat' dir='ltr'><strong>teipsum</strong></span> <span class='ocrx_word' id='word_1_18' title='bbox 649 603 703 660; x_wconf 88' lang='lat' dir='ltr'><strong>quo</strong></span> <span class='ocrx_word' id='word_1_19' title='bbox 721 586 806 659; x_wconf 77' lang='lat' dir='ltr'><strong>magis</strong></span> <span class='ocrx_word' id='word_1_20' title='bbox 831 604 862 642; x_wconf 82' lang='lat' dir='ltr'><strong>ae</strong></span> <span class='ocrx_word' id='word_1_21' title='bbox 882 587 967 660; x_wconf 84' lang='lat' dir='ltr'><strong>magis</strong></span> <span class='ocrx_word' id='word_1_22' title='bbox 985 585 1166 660; x_wconf 87' lang='lat' dir='ltr'><strong>contemplor,</strong></span> <span class='ocrx_word' id='word_1_23' title='bbox 1186 587 1238 642; x_wconf 86' lang='lat' dir='ltr'><strong>hoo</strong></span> <span class='ocrx_word' id='word_1_24' title='bbox 1257 586 1345 641; x_wconf 89' lang='lat' dir='ltr'><strong>minus</strong></span> <span class='ocrx_word' id='word_1_25' title='bbox 1366 586 1509 644; x_wconf 76' lang='lat' dir='ltr'><strong>uilnmtt.</strong></span> 
     </span>
     <span class='ocr_line' id='line_1_3' title="bbox 161 670 1454 745; baseline 0.002 -22"><span class='ocrx_word' id='word_1_26' title='bbox 161 671 238 726; x_wconf 73' lang='lat' dir='ltr'><strong>virleu</strong></span> <span class='ocrx_word' id='word_1_27' title='bbox 252 670 396 744; x_wconf 80' lang='lat' dir='ltr'><strong>apostolici</strong></span> <span class='ocrx_word' id='word_1_28' title='bbox 413 670 461 724; x_wconf 85' lang='lat' dir='ltr'><strong>viri</strong></span> <span class='ocrx_word' id='word_1_29' title='bbox 479 671 631 744; x_wconf 76' lang='lat' dir='ltr'><strong>vestigium.</strong></span> <span class='ocrx_word' id='word_1_30' title='bbox 676 671 810 745; x_wconf 85' lang='lat' dir='ltr'><strong>principio</strong></span> <span class='ocrx_word' id='word_1_31' title='bbox 827 671 889 744; x_wconf 75' lang='lat' dir='ltr'><strong>quial</strong></span> <span class='ocrx_word' id='word_1_32' title='bbox 906 672 957 727; x_wconf 84' lang='lat' dir='ltr'><strong>lroc</strong></span> <span class='ocrx_word' id='word_1_33' title='bbox 973 672 1087 727; x_wconf 87' lang='lat' dir='ltr'><strong>monstri</strong></span> <span class='ocrx_word' id='word_1_34' title='bbox 1103 680 1153 731; x_wconf 85' lang='lat' dir='ltr'><strong>est.</strong></span> <span class='ocrx_word' id='word_1_35' title='bbox 1172 671 1243 744; x_wconf 75' lang='lat' dir='ltr'><strong>quoii</strong></span> <span class='ocrx_word' id='word_1_36' title='bbox 1260 688 1319 725; x_wconf 77' lang='lat' dir='ltr'><strong>earm</strong></span> <span class='ocrx_word' id='word_1_37' title='bbox 1336 688 1454 745; x_wconf 83' lang='lat' dir='ltr'><strong>superne</strong></span> 
     </span>
     <span class='ocr_line' id='line_1_4' title="bbox 160 755 1524 829; baseline 0 -19"><span class='ocrx_word' id='word_1_38' title='bbox 160 756 311 811; x_wconf 78' lang='lat' dir='ltr'><strong>sacerdotis</strong></span> <span class='ocrx_word' id='word_1_39' title='bbox 342 763 467 810; x_wconf 90' lang='lat' dir='ltr'><strong>ornatum</strong></span> <span class='ocrx_word' id='word_1_40' title='bbox 493 773 587 828; x_wconf 83' lang='lat' dir='ltr'><strong>geras,</strong></span> <span class='ocrx_word' id='word_1_41' title='bbox 617 756 686 810; x_wconf 77' lang='lat' dir='ltr'><strong>ielern</strong></span> <span class='ocrx_word' id='word_1_42' title='bbox 708 755 780 810; x_wconf 87' lang='lat' dir='ltr'><strong>iutus</strong></span> <span class='ocrx_word' id='word_1_43' title='bbox 804 757 885 810; x_wconf 84' lang='lat' dir='ltr'><strong>arinis</strong></span> <span class='ocrx_word' id='word_1_44' title='bbox 909 757 1057 811; x_wconf 85' lang='lat' dir='ltr'><strong>cruentatis</strong></span> <span class='ocrx_word' id='word_1_45' title='bbox 1080 764 1155 811; x_wconf 83' lang='lat' dir='ltr'><strong>totus</strong></span> <span class='ocrx_word' id='word_1_46' title='bbox 1173 756 1270 810; x_wconf 86' lang='lat' dir='ltr'><strong>horres</strong></span> <span class='ocrx_word' id='word_1_47' title='bbox 1286 757 1453 829; x_wconf 79' lang='lat' dir='ltr'><strong>caepasque?</strong></span> <span class='ocrx_word' id='word_1_48' title='bbox 1520 792 1524 801; x_wconf 63' lang='lat'>=</span> 
     </span>
     <span class='ocr_line' id='line_1_5' title="bbox 160 839 1453 914; baseline 0 -19"><span class='ocrx_word' id='word_1_49' title='bbox 160 840 193 895; x_wconf 77' lang='lat' dir='ltr'><strong>ael</strong></span> <span class='ocrx_word' id='word_1_50' title='bbox 209 839 267 894; x_wconf 76' lang='lat' dir='ltr'><strong>liaeo</strong></span> <span class='ocrx_word' id='word_1_51' title='bbox 282 857 361 912; x_wconf 82' lang='lat' dir='ltr'><strong>quarn</strong></span> <span class='ocrx_word' id='word_1_52' title='bbox 384 847 474 895; x_wconf 86' lang='lat' dir='ltr'><strong>truces</strong></span> <span class='ocrx_word' id='word_1_53' title='bbox 496 840 581 900; x_wconf 82' lang='lat' dir='ltr'><strong>oculi,</strong></span> <span class='ocrx_word' id='word_1_54' title='bbox 606 857 685 913; x_wconf 86' lang='lat' dir='ltr'><strong>quam</strong></span> <span class='ocrx_word' id='word_1_55' title='bbox 704 846 848 895; x_wconf 75' lang='lat' dir='ltr'>contumax</span> <span class='ocrx_word' id='word_1_56' title='bbox 868 858 914 901; x_wconf 88' lang='lat' dir='ltr'><strong>os.</strong></span> <span class='ocrx_word' id='word_1_57' title='bbox 938 857 1017 914; x_wconf 88' lang='lat' dir='ltr'><strong>quam</strong></span> <span class='ocrx_word' id='word_1_58' title='bbox 1040 841 1128 895; x_wconf 80' lang='lat' dir='ltr'><strong>minan</strong></span> <span class='ocrx_word' id='word_1_59' title='bbox 1144 840 1234 900; x_wconf 82' lang='lat' dir='ltr'><strong>frons.</strong></span> <span class='ocrx_word' id='word_1_60' title='bbox 1258 857 1337 912; x_wconf 88' lang='lat' dir='ltr'><strong>quam</strong></span> <span class='ocrx_word' id='word_1_61' title='bbox 1353 839 1453 895; x_wconf 84' lang='lat' dir='ltr'><strong>elatum</strong></span> 
     </span>
     <span class='ocr_line' id='line_1_6' title="bbox 141 918 1454 999; baseline 0.002 -21"><span class='ocrx_word' id='word_1_62' title='bbox 141 934 192 978; x_wconf 74' lang='lat' dir='ltr'><strong>aet</strong></span> <span class='ocrx_word' id='word_1_63' title='bbox 211 941 343 996; x_wconf 79' lang='lat' dir='ltr'>arrogans</span> <span class='ocrx_word' id='word_1_64' title='bbox 365 923 559 997; x_wconf 79' lang='lat' dir='ltr'><strong>supercilium?</strong></span> <span class='ocrx_word' id='word_1_65' title='bbox 581 942 641 980; x_wconf 87' lang='lat' dir='ltr'><strong>nam</strong></span> <span class='ocrx_word' id='word_1_66' title='bbox 655 924 739 998; x_wconf 80' lang='lat' dir='ltr'><strong>puelet</strong></span> <span class='ocrx_word' id='word_1_67' title='bbox 756 924 860 985; x_wconf 80' lang='lat' dir='ltr'><strong>elicere,</strong></span> <span class='ocrx_word' id='word_1_68' title='bbox 883 942 914 980; x_wconf 86' lang='lat' dir='ltr'><strong>ac</strong></span> <span class='ocrx_word' id='word_1_69' title='bbox 932 925 1008 999; x_wconf 81' lang='lat' dir='ltr'><strong>piget</strong></span> <span class='ocrx_word' id='word_1_70' title='bbox 1025 925 1133 980; x_wconf 85' lang='lat' dir='ltr'><strong>interim</strong></span> <span class='ocrx_word' id='word_1_71' title='bbox 1151 925 1255 985; x_wconf 67' lang='lat' dir='ltr'><strong>villere,</strong></span> <span class='ocrx_word' id='word_1_72' title='bbox 1271 918 1379 979; x_wconf 42' lang='lat' dir='ltr'><strong>&#39;nullam</strong></span> <span class='ocrx_word' id='word_1_73' title='bbox 1394 942 1454 980; x_wconf 86' lang='lat' dir='ltr'><strong>eor·</strong></span> 
     </span>
     <span class='ocr_line' id='line_1_7' title="bbox 161 1008 1455 1083; baseline 0.002 -21"><span class='ocrx_word' id='word_1_74' title='bbox 161 1008 238 1082; x_wconf 87' lang='lat' dir='ltr'><strong>poris</strong></span> <span class='ocrx_word' id='word_1_75' title='bbox 260 1018 365 1082; x_wconf 89' lang='lat' dir='ltr'><strong>partem</strong></span> <span class='ocrx_word' id='word_1_76' title='bbox 387 1025 442 1063; x_wconf 89' lang='lat' dir='ltr'><strong>non</strong></span> <span class='ocrx_word' id='word_1_77' title='bbox 464 1017 672 1083; x_wconf 87' lang='lat' dir='ltr'><strong>conspurcatum</strong></span> <span class='ocrx_word' id='word_1_78' title='bbox 695 1008 768 1063; x_wconf 87' lang='lat' dir='ltr'><strong>uotis</strong></span> <span class='ocrx_word' id='word_1_79' title='bbox 789 1009 954 1083; x_wconf 66' lang='lat' dir='ltr'><strong>prodigiosae</strong></span> <span class='ocrx_word' id='word_1_80' title='bbox 982 1018 1010 1064; x_wconf 88' lang='lat' dir='ltr'><strong>et</strong></span> <span class='ocrx_word' id='word_1_81' title='bbox 1038 1009 1225 1064; x_wconf 76' lang='lat' dir='ltr'><strong>abominandae</strong></span> <span class='ocrx_word' id='word_1_82' title='bbox 1252 1008 1380 1064; x_wconf 79' lang='lat' dir='ltr'><strong>libidinis.</strong></span> <span class='ocrx_word' id='word_1_83' title='bbox 1425 1019 1455 1065; x_wconf 90' lang='lat' dir='ltr'><strong>ut</strong></span> 
     </span>
     <span class='ocr_line' id='line_1_8' title="bbox 162 1091 1453 1167; baseline 0.002 -20"><span class='ocrx_word' id='word_1_84' title='bbox 162 1109 196 1148; x_wconf 88' lang='lat' dir='ltr'><strong>ne</strong></span> <span class='ocrx_word' id='word_1_85' title='bbox 216 1093 317 1154; x_wconf 84' lang='lat' dir='ltr'><strong>diuam,</strong></span> <span class='ocrx_word' id='word_1_86' title='bbox 340 1093 412 1166; x_wconf 81' lang='lat' dir='ltr'><strong>qnod</strong></span> <span class='ocrx_word' id='word_1_87' title='bbox 436 1093 581 1148; x_wconf 84' lang='lat' dir='ltr'><strong>etiamnum</strong></span> <span class='ocrx_word' id='word_1_88' title='bbox 606 1102 681 1149; x_wconf 83' lang='lat' dir='ltr'><strong>totus</strong></span> <span class='ocrx_word' id='word_1_89' title='bbox 697 1101 724 1147; x_wconf 88' lang='lat' dir='ltr'><strong>ot</strong></span> <span class='ocrx_word' id='word_1_90' title='bbox 744 1102 834 1149; x_wconf 82' lang='lat' dir='ltr'><strong>ructas</strong></span> <span class='ocrx_word' id='word_1_91' title='bbox 852 1101 880 1149; x_wconf 86' lang='lat' dir='ltr'><strong>ot</strong></span> <span class='ocrx_word' id='word_1_92' title='bbox 902 1091 960 1148; x_wconf 85' lang='lat' dir='ltr'><strong>oles</strong></span> <span class='ocrx_word' id='word_1_93' title='bbox 973 1092 1111 1167; x_wconf 80' lang='lat' dir='ltr'><strong>crapulam</strong></span> <span class='ocrx_word' id='word_1_94' title='bbox 1128 1112 1159 1149; x_wconf 83' lang='lat' dir='ltr'><strong>ac</strong></span> <span class='ocrx_word' id='word_1_95' title='bbox 1179 1101 1323 1154; x_wconf 88' lang='lat' dir='ltr'><strong>temetum,</strong></span> <span class='ocrx_word' id='word_1_96' title='bbox 1341 1111 1371 1149; x_wconf 81' lang='lat' dir='ltr'><strong>ac</strong></span> <span class='ocrx_word' id='word_1_97' title='bbox 1389 1094 1453 1149; x_wconf 77' lang='lat' dir='ltr'><strong>anilii</strong></span> 
     </span>
     <span class='ocr_line' id='line_1_9' title="bbox 162 1176 1455 1251; baseline 0.002 -19"><span class='ocrx_word' id='word_1_98' title='bbox 162 1176 269 1250; x_wconf 84' lang='lat' dir='ltr'><strong>quidem</strong></span> <span class='ocrx_word' id='word_1_99' title='bbox 295 1177 376 1233; x_wconf 78' lang='lat' dir='ltr'><strong>morlo</strong></span> <span class='ocrx_word' id='word_1_100' title='bbox 401 1178 552 1245; x_wconf 85' lang='lat' dir='ltr'><strong>evomuisse</strong></span> <span class='ocrx_word' id='word_1_101' title='bbox 588 1178 694 1234; x_wconf 84' lang='lat' dir='ltr'><strong>videris.</strong></span> <span class='ocrx_word' id='word_1_102' title='bbox 738 1178 855 1251; x_wconf 74' lang='lat' dir='ltr'><strong>(lenique</strong></span> <span class='ocrx_word' id='word_1_103' title='bbox 884 1177 907 1232; x_wconf 90' lang='lat' dir='ltr'><strong>is</strong></span> <span class='ocrx_word' id='word_1_104' title='bbox 935 1186 977 1233; x_wconf 90' lang='lat' dir='ltr'><strong>est</strong></span> <span class='ocrx_word' id='word_1_105' title='bbox 1005 1178 1089 1233; x_wconf 88' lang='lat' dir='ltr'><strong>totius</strong></span> <span class='ocrx_word' id='word_1_106' title='bbox 1114 1177 1223 1233; x_wconf 84' lang='lat' dir='ltr'><strong>habitus</strong></span> <span class='ocrx_word' id='word_1_107' title='bbox 1251 1179 1391 1251; x_wconf 86' lang='lat' dir='ltr'><strong>corporis,</strong></span> <span class='ocrx_word' id='word_1_108' title='bbox 1425 1188 1455 1234; x_wconf 94' lang='lat' dir='ltr'><strong>ut</strong></span> 
     </span>
     <span class='ocr_line' id='line_1_10' title="bbox 162 1261 1378 1335; baseline 0.001 -20"><span class='ocrx_word' id='word_1_109' title='bbox 162 1278 218 1316; x_wconf 90' lang='lat' dir='ltr'><strong>non</strong></span> <span class='ocrx_word' id='word_1_110' title='bbox 240 1269 394 1317; x_wconf 79' lang='lat' dir='ltr'><strong>ramanae</strong></span> <span class='ocrx_word' id='word_1_111' title='bbox 417 1261 550 1317; x_wconf 80' lang='lat' dir='ltr'>morbisve</span> <span class='ocrx_word' id='word_1_112' title='bbox 574 1279 653 1335; x_wconf 86' lang='lat' dir='ltr'><strong>quarn</strong></span> <span class='ocrx_word' id='word_1_113' title='bbox 673 1261 782 1335; x_wconf 79' lang='lat' dir='ltr'>crapula</span> <span class='ocrx_word' id='word_1_114' title='bbox 802 1263 903 1322; x_wconf 84' lang='lat' dir='ltr'><strong>vietus.</strong></span> <span class='ocrx_word' id='word_1_115' title='bbox 925 1262 1059 1317; x_wconf 65' lang='lat' dir='ltr'><strong>marcillus</strong></span> <span class='ocrx_word' id='word_1_116' title='bbox 1081 1280 1112 1318; x_wconf 87' lang='lat' dir='ltr'><strong>ao</strong></span> <span class='ocrx_word' id='word_1_117' title='bbox 1134 1262 1236 1318; x_wconf 87' lang='lat' dir='ltr'><strong>iraetus</strong></span> <span class='ocrx_word' id='word_1_118' title='bbox 1257 1262 1378 1317; x_wconf 80' lang='lat' dir='ltr'><strong>ridearis</strong></span> 
     </span>
     <span class='ocr_line' id='line_1_11' title="bbox 125 1345 1522 1420; baseline 0.001 -21"><span class='ocrx_word' id='word_1_119' title='bbox 125 1353 154 1393; x_wconf 81' lang='lat'><strong>¹⁰</strong></span> <span class='ocrx_word' id='word_1_120' title='bbox 229 1345 369 1401; x_wconf 78' lang='lat' dir='ltr'><strong>Genius.</strong></span> <span class='ocrx_word' id='word_1_121' title='bbox 407 1345 440 1400; x_wconf 87' lang='lat' dir='ltr'><strong>Ut</strong></span> <span class='ocrx_word' id='word_1_122' title='bbox 463 1346 590 1419; x_wconf 76' lang='lat' dir='ltr'><strong>graphice</strong></span> <span class='ocrx_word' id='word_1_123' title='bbox 611 1346 681 1402; x_wconf 87' lang='lat' dir='ltr'><strong>lrune</strong></span> <span class='ocrx_word' id='word_1_124' title='bbox 704 1345 761 1401; x_wconf 90' lang='lat' dir='ltr'><strong>suis</strong></span> <span class='ocrx_word' id='word_1_125' title='bbox 783 1346 872 1420; x_wconf 78' lang='lat' dir='ltr'><strong>pinxit</strong></span> <span class='ocrx_word' id='word_1_126' title='bbox 891 1345 1039 1402; x_wconf 82' lang='lat' dir='ltr'><strong>coloribus.</strong></span> <span class='ocrx_word' id='word_1_127' title='bbox 1463 1364 1522 1414; x_wconf 65' lang='lat' dir='ltr'><strong>tro.</strong></span> 
     </span>
     <span class='ocr_line' id='line_1_12' title="bbox 225 1430 1453 1504; baseline 0.002 -19"><span class='ocrx_word' id='word_1_128' title='bbox 225 1431 357 1485; x_wconf 84' lang='lat' dir='ltr'><strong>Petrus.</strong></span> <span class='ocrx_word' id='word_1_129' title='bbox 394 1431 511 1486; x_wconf 75' lang='lat' dir='ltr'><strong>Tametsi</strong></span> <span class='ocrx_word' id='word_1_130' title='bbox 539 1431 616 1486; x_wconf 83' lang='lat' dir='ltr'><strong>video</strong></span> <span class='ocrx_word' id='word_1_131' title='bbox 647 1439 673 1486; x_wconf 88' lang='lat' dir='ltr'><strong>te</strong></span> <span class='ocrx_word' id='word_1_132' title='bbox 702 1433 754 1486; x_wconf 86' lang='lat' dir='ltr'><strong>iam</strong></span> <span class='ocrx_word' id='word_1_133' title='bbox 781 1431 968 1486; x_wconf 61' lang='lat' dir='ltr'><strong>eluilum‘milri</strong></span> <span class='ocrx_word' id='word_1_134' title='bbox 1000 1430 1147 1504; x_wconf 86' lang='lat' dir='ltr'><strong>supercilio</strong></span> <span class='ocrx_word' id='word_1_135' title='bbox 1173 1431 1334 1492; x_wconf 87' lang='lat' dir='ltr'><strong>minantem.</strong></span> <span class='ocrx_word' id='word_1_136' title='bbox 1365 1441 1453 1487; x_wconf 86' lang='lat' dir='ltr'><strong>tamen</strong></span> 
     </span>
     <span class='ocr_line' id='line_1_13' title="bbox 162 1507 1456 1589; baseline 0.002 -21"><span class='ocrx_word' id='word_1_137' title='bbox 162 1513 232 1569; x_wconf 79' lang='lat' dir='ltr'><strong>lrauel</strong></span> <span class='ocrx_word' id='word_1_138' title='bbox 254 1507 323 1587; x_wconf 83' lang='lat' dir='ltr'><strong>ipreo</strong></span> <span class='ocrx_word' id='word_1_139' title='bbox 346 1514 460 1571; x_wconf 84' lang='lat' dir='ltr'><strong>reticere</strong></span> <span class='ocrx_word' id='word_1_140' title='bbox 483 1515 556 1588; x_wconf 81' lang='lat' dir='ltr'><strong>quud</strong></span> <span class='ocrx_word' id='word_1_141' title='bbox 586 1515 690 1571; x_wconf 87' lang='lat' dir='ltr'><strong>sentio:</strong></span> <span class='ocrx_word' id='word_1_142' title='bbox 720 1515 845 1588; x_wconf 84' lang='lat' dir='ltr'><strong>suspicor</strong></span> <span class='ocrx_word' id='word_1_143' title='bbox 869 1515 1121 1589; x_wconf 84' lang='lat' dir='ltr'><strong>pestilentissimum</strong></span> <span class='ocrx_word' id='word_1_144' title='bbox 1150 1514 1226 1571; x_wconf 90' lang='lat' dir='ltr'><strong>illum</strong></span> <span class='ocrx_word' id='word_1_145' title='bbox 1249 1515 1344 1571; x_wconf 92' lang='lat' dir='ltr'><strong>lulium</strong></span> <span class='ocrx_word' id='word_1_146' title='bbox 1367 1517 1456 1571; x_wconf 81' lang='lat' dir='ltr'><strong>ellini-</strong></span> 
     </span>
    </p>
   </div>
   <div class='ocr_carea' id='block_1_3' title="bbox 161 1598 1455 1739">
    <p class='ocr_par' dir='ltr' id='par_1_3' title="bbox 161 1598 1455 1739">
     <span class='ocr_line' id='line_1_14' title="bbox 161 1598 1455 1674; baseline 0.002 -20"><span class='ocrx_word' id='word_1_147' title='bbox 161 1617 221 1654; x_wconf 89' lang='lat' dir='ltr'><strong>oum</strong></span> <span class='ocrx_word' id='word_1_148' title='bbox 245 1599 277 1654; x_wconf 85' lang='lat' dir='ltr'><strong>ab</strong></span> <span class='ocrx_word' id='word_1_149' title='bbox 300 1600 393 1655; x_wconf 90' lang='lat' dir='ltr'><strong>inieris</strong></span> <span class='ocrx_word' id='word_1_150' title='bbox 415 1600 527 1655; x_wconf 85' lang='lat' dir='ltr'><strong>rediisse</strong></span> <span class='ocrx_word' id='word_1_151' title='bbox 549 1609 739 1674; x_wconf 73' lang='lat' dir='ltr'><strong>personatum.</strong></span> <span class='ocrx_word' id='word_1_152' title='bbox 771 1609 800 1656; x_wconf 93' lang='lat' dir='ltr'><strong>ut</strong></span> <span class='ocrx_word' id='word_1_153' title='bbox 829 1618 871 1655; x_wconf 86' lang='lat' dir='ltr'><strong>ruo</strong></span> <span class='ocrx_word' id='word_1_154' title='bbox 900 1600 1000 1661; x_wconf 84' lang='lat' dir='ltr'><strong>rideat.</strong></span> <span class='ocrx_word' id='word_1_155' title='bbox 1029 1599 1097 1656; x_wconf 86' lang='lat' dir='ltr'><strong>adeo</strong></span> <span class='ocrx_word' id='word_1_156' title='bbox 1127 1598 1175 1655; x_wconf 88' lang='lat' dir='ltr'><strong>tibi</strong></span> <span class='ocrx_word' id='word_1_157' title='bbox 1200 1617 1259 1655; x_wconf 89' lang='lat' dir='ltr'><strong>eum</strong></span> <span class='ocrx_word' id='word_1_158' title='bbox 1288 1600 1335 1656; x_wconf 89' lang='lat' dir='ltr'><strong>illo</strong></span> <span class='ocrx_word' id='word_1_159' title='bbox 1358 1619 1455 1657; x_wconf 79' lang='lat' dir='ltr'><strong>corrro-</strong></span> 
     </span>
     <span class='ocr_line' id='line_1_15' title="bbox 162 1693 359 1739; baseline -0.005 -1"><span class='ocrx_word' id='word_1_160' title='bbox 162 1693 242 1738; x_wconf 87' lang='lat' dir='ltr'><strong>nruut</strong></span> <span class='ocrx_word' id='word_1_161' title='bbox 262 1702 359 1739; x_wconf 75' lang='grc' dir='ltr'>ιιιιιιιιει.</span> 
     </span>
    </p>
   </div>
   <div class='ocr_carea' id='block_1_4' title="bbox 127 1767 1526 3451">
    <p class='ocr_par' dir='ltr' id='par_1_4' title="bbox 127 1767 1526 3451">
     <span class='ocr_line' id='line_1_16' title="bbox 127 1767 544 1831; baseline 0 -9"><span class='ocrx_word' id='word_1_162' title='bbox 127 1777 153 1817; x_wconf 77' lang='lat' dir='ltr'><strong>ta</strong></span> <span class='ocrx_word' id='word_1_163' title='bbox 228 1767 347 1823; x_wconf 85' lang='lat' dir='ltr'><strong>lulius.</strong></span> <span class='ocrx_word' id='word_1_164' title='bbox 382 1769 482 1831; x_wconf 72' lang='lat' dir='ltr'><strong>illarii,</strong></span> <span class='ocrx_word' id='word_1_165' title='bbox 506 1769 544 1824; x_wconf 90' lang='lat' dir='ltr'><strong>si&#39;l</strong></span> 
     </span>
     <span class='ocr_line' id='line_1_17' title="bbox 226 1852 562 1920; baseline 0 -12"><span class='ocrx_word' id='word_1_166' title='bbox 226 1854 359 1908; x_wconf 79' lang='lat' dir='ltr'><strong>Petrus,</strong></span> <span class='ocrx_word' id='word_1_167' title='bbox 392 1852 460 1920; x_wconf 73' lang='lat' dir='ltr'><strong>Quia</strong></span> <span class='ocrx_word' id='word_1_168' title='bbox 479 1854 562 1909; x_wconf 66' lang='lat' dir='ltr'><strong>alian?</strong></span> 
     </span>
     <span class='ocr_line' id='line_1_18' title="bbox 228 1938 1456 2011; baseline 0.002 -19"><span class='ocrx_word' id='word_1_169' title='bbox 228 1938 335 1993; x_wconf 84' lang='lat' dir='ltr'><strong>Geniu</strong></span> <span class='ocrx_word' id='word_1_170' title='bbox 344 1957 364 1993; x_wconf 88' lang='lat' dir='ltr'><strong>s.</strong></span> <span class='ocrx_word' id='word_1_171' title='bbox 402 1938 489 2011; x_wconf 75' lang='lat' dir='ltr'><strong>leatus</strong></span> <span class='ocrx_word' id='word_1_172' title='bbox 511 1947 567 1994; x_wconf 89' lang='lat' dir='ltr'><strong>est:</strong></span> <span class='ocrx_word' id='word_1_173' title='bbox 589 1939 620 1993; x_wconf 81' lang='lat' dir='ltr'><strong>ael</strong></span> <span class='ocrx_word' id='word_1_174' title='bbox 644 1938 711 1994; x_wconf 79' lang='lat' dir='ltr'><strong>hanc</strong></span> <span class='ocrx_word' id='word_1_175' title='bbox 735 1954 826 1995; x_wconf 83' lang='lat' dir='ltr'><strong>vocem</strong></span> <span class='ocrx_word' id='word_1_176' title='bbox 841 1955 920 1995; x_wconf 89' lang='lat' dir='ltr'><strong>nemo</strong></span> <span class='ocrx_word' id='word_1_177' title='bbox 941 1938 1118 1995; x_wconf 82' lang='lat' dir='ltr'><strong>canlinalium</strong></span> <span class='ocrx_word' id='word_1_178' title='bbox 1141 1957 1195 1994; x_wconf 92' lang='lat' dir='ltr'><strong>non</strong></span> <span class='ocrx_word' id='word_1_179' title='bbox 1218 1939 1367 2011; x_wconf 77' lang='lat' dir='ltr'><strong>fugitabat.</strong></span> <span class='ocrx_word' id='word_1_180' title='bbox 1389 1940 1456 1995; x_wconf 89' lang='lat' dir='ltr'><strong>alio·</strong></span> 
     </span>
     <span class='ocr_line' id='line_1_19' title="bbox 164 2022 1175 2097; baseline 0 -19"><span class='ocrx_word' id='word_1_181' title='bbox 164 2023 210 2095; x_wconf 85' lang='lat' dir='ltr'><strong>qni</strong></span> <span class='ocrx_word' id='word_1_182' title='bbox 236 2024 334 2078; x_wconf 83' lang='lat' dir='ltr'><strong>instem</strong></span> <span class='ocrx_word' id='word_1_183' title='bbox 353 2022 428 2078; x_wconf 91' lang='lat' dir='ltr'><strong>illum</strong></span> <span class='ocrx_word' id='word_1_184' title='bbox 452 2024 651 2079; x_wconf 85' lang='lat' dir='ltr'><strong>sanctissimum</strong></span> <span class='ocrx_word' id='word_1_185' title='bbox 669 2040 814 2085; x_wconf 87' lang='lat' dir='ltr'><strong>sensurus,</strong></span> <span class='ocrx_word' id='word_1_186' title='bbox 838 2024 989 2097; x_wconf 68' lang='lat' dir='ltr'><strong>praesertim</strong></span> <span class='ocrx_word' id='word_1_187' title='bbox 1008 2043 1023 2079; x_wconf 88' lang='lat' dir='ltr'><strong>a</strong></span> <span class='ocrx_word' id='word_1_188' title='bbox 1044 2025 1175 2080; x_wconf 82' lang='lat' dir='ltr'><strong>convivio.</strong></span> 
     </span>
     <span class='ocr_line' id='line_1_20' title="bbox 227 2107 1524 2182; baseline 0.003 -22"><span class='ocrx_word' id='word_1_189' title='bbox 227 2107 363 2162; x_wconf 85' lang='lat' dir='ltr'><strong>Petrus.</strong></span> <span class='ocrx_word' id='word_1_190' title='bbox 405 2108 443 2163; x_wconf 86' lang='lat' dir='ltr'><strong>&#39;lu</strong></span> <span class='ocrx_word' id='word_1_191' title='bbox 463 2108 527 2163; x_wconf 83' lang='lat' dir='ltr'><strong>milri</strong></span> <span class='ocrx_word' id='word_1_192' title='bbox 549 2109 638 2163; x_wconf 79' lang='lat' dir='ltr'><strong>vielere</strong></span> <span class='ocrx_word' id='word_1_193' title='bbox 660 2108 746 2181; x_wconf 81' lang='lat' dir='ltr'><strong>prulre</strong></span> <span class='ocrx_word' id='word_1_194' title='bbox 768 2108 866 2164; x_wconf 88' lang='lat' dir='ltr'><strong>callere</strong></span> <span class='ocrx_word' id='word_1_195' title='bbox 886 2127 995 2164; x_wconf 87' lang='lat' dir='ltr'><strong>seusam</strong></span> <span class='ocrx_word' id='word_1_196' title='bbox 1019 2109 1150 2164; x_wconf 83' lang='lat' dir='ltr'><strong>hominis:</strong></span> <span class='ocrx_word' id='word_1_197' title='bbox 1173 2109 1286 2182; x_wconf 89' lang='lat' dir='ltr'><strong>proirnlo</strong></span> <span class='ocrx_word' id='word_1_198' title='bbox 1311 2110 1353 2165; x_wconf 79' lang='lat' dir='ltr'><strong>ilie</strong></span> <span class='ocrx_word' id='word_1_199' title='bbox 1378 2110 1451 2171; x_wconf 84' lang='lat' dir='ltr'><strong>milri,</strong></span> <span class='ocrx_word' id='word_1_200' title='bbox 1465 2122 1524 2170; x_wconf 73' lang='lat' dir='ltr'><strong>§.tn</strong></span> 
     </span>
     <span class='ocr_line' id='line_1_21' title="bbox 129 2192 849 2264; baseline 0.006 -20"><span class='ocrx_word' id='word_1_201' title='bbox 129 2203 155 2241; x_wconf 76' lang='lat'><strong>²⁰</strong></span> <span class='ocrx_word' id='word_1_202' title='bbox 166 2192 227 2264; x_wconf 82' lang='lat' dir='ltr'><strong>qius</strong></span> <span class='ocrx_word' id='word_1_203' title='bbox 245 2196 291 2246; x_wconf 82' lang='lat' dir='ltr'><strong>esl</strong></span> <span class='ocrx_word' id='word_1_204' title='bbox 842 2246 849 2257; x_wconf 68' lang='grc'>,</span> 
     </span>
     <span class='ocr_line' id='line_1_22' title="bbox 230 2276 955 2349; baseline 0.008 -22"><span class='ocrx_word' id='word_1_205' title='bbox 230 2276 365 2331; x_wconf 82' lang='lat' dir='ltr'><strong>tieriius.</strong></span> <span class='ocrx_word' id='word_1_206' title='bbox 402 2277 459 2349; x_wconf 79' lang='lat' dir='ltr'><strong>Ego</strong></span> <span class='ocrx_word' id='word_1_207' title='bbox 478 2295 537 2333; x_wconf 91' lang='lat' dir='ltr'><strong>sum</strong></span> <span class='ocrx_word' id='word_1_208' title='bbox 558 2295 671 2349; x_wconf 76' lang='lat' dir='ltr'><strong>magnus</strong></span> <span class='ocrx_word' id='word_1_209' title='bbox 696 2277 739 2333; x_wconf 86' lang='lat' dir='ltr'><strong>ille</strong></span> <span class='ocrx_word' id='word_1_210' title='bbox 762 2277 821 2333; x_wconf 89' lang='lat' dir='ltr'><strong>iulii</strong></span> <span class='ocrx_word' id='word_1_211' title='bbox 846 2278 955 2334; x_wconf 84' lang='lat' dir='ltr'><strong>Geuirrs.</strong></span> 
     </span>
     <span class='ocr_line' id='line_1_23' title="bbox 229 2360 986 2434; baseline 0.004 -20"><span class='ocrx_word' id='word_1_212' title='bbox 229 2361 361 2415; x_wconf 86' lang='lat' dir='ltr'><strong>l’etrus.</strong></span> <span class='ocrx_word' id='word_1_213' title='bbox 398 2361 480 2417; x_wconf 79' lang='lat' dir='ltr'><strong>litiano</strong></span> <span class='ocrx_word' id='word_1_214' title='bbox 504 2360 604 2423; x_wconf 84' lang='lat' dir='ltr'><strong>nialus,</strong></span> <span class='ocrx_word' id='word_1_215' title='bbox 625 2361 730 2434; x_wconf 91' lang='lat' dir='ltr'><strong>opinor.</strong></span> <span class='ocrx_word' id='word_1_216' title='bbox 981 2426 986 2434; x_wconf 45' lang='grc'><em>,</em></span> 
     </span>
     <span class='ocr_line' id='line_1_24' title="bbox 229 2443 920 2519; baseline 0.004 -22"><span class='ocrx_word' id='word_1_217' title='bbox 229 2445 364 2499; x_wconf 76' lang='lat' dir='ltr'><strong>Genius</strong></span> <span class='ocrx_word' id='word_1_218' title='bbox 402 2443 602 2519; x_wconf 78' lang='lat' dir='ltr'><strong>Qrialiscunque</strong></span> <span class='ocrx_word' id='word_1_219' title='bbox 620 2463 695 2508; x_wconf 90' lang='lat' dir='ltr'><strong>sum,</strong></span> <span class='ocrx_word' id='word_1_220' title='bbox 716 2446 834 2502; x_wconf 82' lang='lat' dir='ltr'><strong>hilianus</strong></span> <span class='ocrx_word' id='word_1_221' title='bbox 853 2465 920 2503; x_wconf 83' lang='lat' dir='ltr'><strong>suin.</strong></span> 
     </span>
     <span class='ocr_line' id='line_1_25' title="bbox 228 2528 1523 2607; baseline 0.005 -24"><span class='ocrx_word' id='word_1_222' title='bbox 228 2528 347 2585; x_wconf 86' lang='lat' dir='ltr'><strong>lulius.</strong></span> <span class='ocrx_word' id='word_1_223' title='bbox 385 2529 505 2597; x_wconf 83' lang='lat' dir='ltr'><strong>Quinta</strong></span> <span class='ocrx_word' id='word_1_224' title='bbox 528 2548 614 2604; x_wconf 81' lang='lat' dir='ltr'><strong>magas</strong></span> <span class='ocrx_word' id='word_1_225' title='bbox 638 2531 704 2586; x_wconf 84' lang='lat' dir='ltr'><strong>istas</strong></span> <span class='ocrx_word' id='word_1_226' title='bbox 723 2534 819 2587; x_wconf 89' lang='lat' dir='ltr'><strong>missas</strong></span> <span class='ocrx_word' id='word_1_227' title='bbox 842 2532 923 2593; x_wconf 86' lang='lat' dir='ltr'><strong>iacis,</strong></span> <span class='ocrx_word' id='word_1_228' title='bbox 947 2550 978 2588; x_wconf 84' lang='lat' dir='ltr'><strong>ao</strong></span> <span class='ocrx_word' id='word_1_229' title='bbox 1004 2533 1082 2598; x_wconf 13' lang='lat' dir='ltr'><strong>[iores</strong></span> <span class='ocrx_word' id='word_1_230' title='bbox 1104 2534 1207 2607; x_wconf 85' lang='lat' dir='ltr'><strong>aperis,</strong></span> <span class='ocrx_word' id='word_1_231' title='bbox 1235 2534 1285 2588; x_wconf 89' lang='lat' dir='ltr'><strong>nisi</strong></span> <span class='ocrx_word' id='word_1_232' title='bbox 1309 2534 1393 2589; x_wconf 86' lang='lat' dir='ltr'><strong>maris</strong></span> <span class='ocrx_word' id='word_1_233' title='bbox 1416 2535 1523 2593; x_wconf 71' lang='lat' dir='ltr'><strong>eitra.</strong></span> 
     </span>
     <span class='ocr_line' id='line_1_26' title="bbox 131 2613 1182 2689; baseline 0.004 -21"><span class='ocrx_word' id='word_1_234' title='bbox 131 2623 157 2663; x_wconf 73' lang='lat' dir='ltr'><strong>ta</strong></span> <span class='ocrx_word' id='word_1_235' title='bbox 169 2614 264 2685; x_wconf 80' lang='lat' dir='ltr'><strong>iringi!</strong></span> <span class='ocrx_word' id='word_1_236' title='bbox 288 2613 355 2682; x_wconf 81' lang='lat' dir='ltr'><strong>Quiel</strong></span> <span class='ocrx_word' id='word_1_237' title='bbox 378 2614 471 2670; x_wconf 86' lang='lat' dir='ltr'><strong>auritis</strong></span> <span class='ocrx_word' id='word_1_238' title='bbox 495 2633 564 2689; x_wconf 88' lang='lat' dir='ltr'><strong>opus</strong></span> <span class='ocrx_word' id='word_1_239' title='bbox 586 2616 645 2671; x_wconf 79' lang='lat' dir='ltr'><strong>esti</strong></span> <span class='ocrx_word' id='word_1_240' title='bbox 668 2615 740 2671; x_wconf 78' lang='lat' dir='ltr'><strong>nieles</strong></span> <span class='ocrx_word' id='word_1_241' title='bbox 763 2616 913 2672; x_wconf 79' lang='lat' dir='ltr'><strong>cuiusmoili</strong></span> <span class='ocrx_word' id='word_1_242' title='bbox 936 2617 1030 2672; x_wconf 72' lang='lat' dir='ltr'><strong>{lucam</strong></span> <span class='ocrx_word' id='word_1_243' title='bbox 1052 2619 1182 2674; x_wconf 83' lang='lat' dir='ltr'><strong>comites?</strong></span> 
     </span>
     <span class='ocr_line' id='line_1_27' title="bbox 229 2699 1455 2764; baseline 0.005 -11"><span class='ocrx_word' id='word_1_244' title='bbox 229 2700 360 2754; x_wconf 82' lang='lat' dir='ltr'><strong>Petrus.</strong></span> <span class='ocrx_word' id='word_1_245' title='bbox 397 2699 466 2754; x_wconf 86' lang='lat' dir='ltr'><strong>Sauo</strong></span> <span class='ocrx_word' id='word_1_246' title='bbox 494 2701 570 2755; x_wconf 81' lang='lat' dir='ltr'><strong>viileo</strong></span> <span class='ocrx_word' id='word_1_247' title='bbox 597 2699 717 2756; x_wconf 87' lang='lat' dir='ltr'><strong>latrones</strong></span> <span class='ocrx_word' id='word_1_248' title='bbox 736 2701 983 2757; x_wconf 81' lang='lat' dir='ltr'><strong>exercitatissimos.</strong></span> <span class='ocrx_word' id='word_1_249' title='bbox 1028 2719 1119 2758; x_wconf 89' lang='lat' dir='ltr'><strong>verum</strong></span> <span class='ocrx_word' id='word_1_250' title='bbox 1144 2719 1176 2757; x_wconf 90' lang='lat' dir='ltr'><strong>no</strong></span> <span class='ocrx_word' id='word_1_251' title='bbox 1198 2703 1236 2757; x_wconf 87' lang='lat' dir='ltr'><strong>sis</strong></span> <span class='ocrx_word' id='word_1_252' title='bbox 1260 2703 1391 2764; x_wconf 80' lang='lat' dir='ltr'><strong>insciens,</strong></span> <span class='ocrx_word' id='word_1_253' title='bbox 1415 2704 1455 2759; x_wconf 80' lang='lat' dir='ltr'><strong>lrae</strong></span> 
     </span>
     <span class='ocr_line' id='line_1_28' title="bbox 165 2782 791 2858; baseline 0.002 -20"><span class='ocrx_word' id='word_1_254' title='bbox 165 2784 239 2838; x_wconf 86' lang='lat' dir='ltr'><strong>loros</strong></span> <span class='ocrx_word' id='word_1_255' title='bbox 258 2782 305 2838; x_wconf 72' lang='lat' dir='ltr'><strong>tilii</strong></span> <span class='ocrx_word' id='word_1_256' title='bbox 328 2793 392 2838; x_wconf 86' lang='lat' dir='ltr'><strong>suut</strong></span> <span class='ocrx_word' id='word_1_257' title='bbox 412 2783 472 2840; x_wconf 88' lang='lat' dir='ltr'><strong>aliis</strong></span> <span class='ocrx_word' id='word_1_258' title='bbox 494 2785 576 2840; x_wconf 86' lang='lat' dir='ltr'><strong>armis</strong></span> <span class='ocrx_word' id='word_1_259' title='bbox 598 2786 791 2858; x_wconf 63' lang='lat' dir='ltr'><strong>expugnandae.</strong></span> 
     </span>
     <span class='ocr_line' id='line_1_29' title="bbox 229 2867 1526 2947; baseline 0.005 -25"><span class='ocrx_word' id='word_1_260' title='bbox 229 2868 346 2923; x_wconf 89' lang='lat' dir='ltr'><strong>lulius.</strong></span> <span class='ocrx_word' id='word_1_261' title='bbox 382 2867 530 2924; x_wconf 77' lang='lat' dir='ltr'><strong>Verborum</strong></span> <span class='ocrx_word' id='word_1_262' title='bbox 555 2869 663 2942; x_wconf 88' lang='lat' dir='ltr'><strong>iuquam</strong></span> <span class='ocrx_word' id='word_1_263' title='bbox 685 2870 736 2925; x_wconf 89' lang='lat' dir='ltr'><strong>iam</strong></span> <span class='ocrx_word' id='word_1_264' title='bbox 756 2871 835 2926; x_wconf 88' lang='lat' dir='ltr'><strong>satis:</strong></span> <span class='ocrx_word' id='word_1_265' title='bbox 864 2871 891 2926; x_wconf 91' lang='lat' dir='ltr'><strong>ni</strong></span> <span class='ocrx_word' id='word_1_266' title='bbox 915 2889 1031 2945; x_wconf 90' lang='lat' dir='ltr'><strong>propere</strong></span> <span class='ocrx_word' id='word_1_267' title='bbox 1052 2889 1145 2947; x_wconf 83' lang='lat' dir='ltr'><strong>pares.</strong></span> <span class='ocrx_word' id='word_1_268' title='bbox 1171 2872 1526 2932; x_wconf 69' lang='lat' dir='ltr'><strong>excommunicationistns.</strong></span> 
     </span>
     <span class='ocr_line' id='line_1_30' title="bbox 166 2951 1456 3030; baseline 0.003 -23"><span class='ocrx_word' id='word_1_269' title='bbox 166 2951 267 3007; x_wconf 84' lang='lat' dir='ltr'><strong>fulmen</strong></span> <span class='ocrx_word' id='word_1_270' title='bbox 291 2953 330 3007; x_wconf 86' lang='lat' dir='ltr'><strong>rel</strong></span> <span class='ocrx_word' id='word_1_271' title='bbox 352 2953 377 3007; x_wconf 91' lang='lat' dir='ltr'><strong>in</strong></span> <span class='ocrx_word' id='word_1_272' title='bbox 402 2963 428 3008; x_wconf 86' lang='lat' dir='ltr'><strong>te</strong></span> <span class='ocrx_word' id='word_1_273' title='bbox 450 2953 597 3026; x_wconf 85' lang='lat' dir='ltr'><strong>torquebo.</strong></span> <span class='ocrx_word' id='word_1_274' title='bbox 620 2972 675 3027; x_wconf 89' lang='lat' dir='ltr'><strong>quo</strong></span> <span class='ocrx_word' id='word_1_275' title='bbox 697 2973 816 3011; x_wconf 88' lang='lat' dir='ltr'><strong>summos</strong></span> <span class='ocrx_word' id='word_1_276' title='bbox 838 2955 984 3030; x_wconf 77' lang='lat' dir='ltr'><strong>aliquando</strong></span> <span class='ocrx_word' id='word_1_277' title='bbox 1007 2974 1086 3029; x_wconf 81' lang='lat' dir='ltr'><strong>reges</strong></span> <span class='ocrx_word' id='word_1_278' title='bbox 1109 2976 1139 3014; x_wconf 87' lang='lat' dir='ltr'><strong>ae</strong></span> <span class='ocrx_word' id='word_1_279' title='bbox 1161 2959 1227 3013; x_wconf 79' lang='lat' dir='ltr'><strong>aeleo</strong></span> <span class='ocrx_word' id='word_1_280' title='bbox 1248 2975 1332 3030; x_wconf 76' lang='lat' dir='ltr'><strong>regua</strong></span> <span class='ocrx_word' id='word_1_281' title='bbox 1354 2957 1456 3018; x_wconf 84' lang='lat' dir='ltr'><strong>terrui;</strong></span> 
     </span>
     <span class='ocr_line' id='line_1_31' title="bbox 131 3035 727 3112; baseline 0.007 -22"><span class='ocrx_word' id='word_1_282' title='bbox 131 3035 267 3091; x_wconf 74' lang='lat' dir='ltr'><strong>ttbullarn</strong></span> <span class='ocrx_word' id='word_1_283' title='bbox 291 3038 364 3092; x_wconf 85' lang='lat' dir='ltr'><strong>rides</strong></span> <span class='ocrx_word' id='word_1_284' title='bbox 389 3039 439 3093; x_wconf 89' lang='lat' dir='ltr'><strong>iam</strong></span> <span class='ocrx_word' id='word_1_285' title='bbox 463 3039 489 3093; x_wconf 92' lang='lat' dir='ltr'><strong>in</strong></span> <span class='ocrx_word' id='word_1_286' title='bbox 514 3040 572 3094; x_wconf 71' lang='lat' dir='ltr'><strong>lituo</strong></span> <span class='ocrx_word' id='word_1_287' title='bbox 589 3042 727 3112; x_wconf 85' lang='lat' dir='ltr'><strong>paratam‘l</strong></span> 
     </span>
     <span class='ocr_line' id='line_1_32' title="bbox 230 3121 1457 3200; baseline 0.005 -26"><span class='ocrx_word' id='word_1_288' title='bbox 230 3121 366 3177; x_wconf 87' lang='lat' dir='ltr'><strong>Petrus.</strong></span> <span class='ocrx_word' id='word_1_289' title='bbox 402 3122 479 3189; x_wconf 79' lang='lat' dir='ltr'><strong>Quod</strong></span> <span class='ocrx_word' id='word_1_290' title='bbox 501 3122 601 3179; x_wconf 91' lang='lat' dir='ltr'><strong>malum</strong></span> <span class='ocrx_word' id='word_1_291' title='bbox 620 3123 735 3184; x_wconf 78' lang='lat' dir='ltr'><strong>fulmen.</strong></span> <span class='ocrx_word' id='word_1_292' title='bbox 766 3124 838 3197; x_wconf 74' lang='lat' dir='ltr'><strong>quenl</strong></span> <span class='ocrx_word' id='word_1_293' title='bbox 866 3125 984 3185; x_wconf 82' lang='lat' dir='ltr'><strong>tonitru.</strong></span> <span class='ocrx_word' id='word_1_294' title='bbox 1015 3143 1081 3198; x_wconf 87' lang='lat' dir='ltr'><strong>quas</strong></span> <span class='ocrx_word' id='word_1_295' title='bbox 1109 3126 1208 3188; x_wconf 82' lang='lat' dir='ltr'><strong>lrallas,</strong></span> <span class='ocrx_word' id='word_1_296' title='bbox 1236 3144 1303 3200; x_wconf 85' lang='lat' dir='ltr'><strong>quas</strong></span> <span class='ocrx_word' id='word_1_297' title='bbox 1325 3125 1457 3200; x_wconf 76' lang='lat' dir='ltr'><strong>ampullas</strong></span> 
     </span>
     <span class='ocr_line' id='line_1_33' title="bbox 167 3205 1306 3283; baseline 0.006 -24"><span class='ocrx_word' id='word_1_298' title='bbox 167 3205 231 3259; x_wconf 81' lang='lat' dir='ltr'><strong>milri</strong></span> <span class='ocrx_word' id='word_1_299' title='bbox 253 3224 359 3267; x_wconf 81' lang='lat' dir='ltr'><strong>narras.</strong></span> <span class='ocrx_word' id='word_1_300' title='bbox 383 3206 513 3263; x_wconf 82' lang='lat' dir='ltr'><strong>obsecro?</strong></span> <span class='ocrx_word' id='word_1_301' title='bbox 534 3225 593 3263; x_wconf 85' lang='lat' dir='ltr'><strong>narn</strong></span> <span class='ocrx_word' id='word_1_302' title='bbox 621 3210 734 3264; x_wconf 88' lang='lat' dir='ltr'><strong>istorum</strong></span> <span class='ocrx_word' id='word_1_303' title='bbox 759 3209 825 3263; x_wconf 87' lang='lat' dir='ltr'><strong>nihil</strong></span> <span class='ocrx_word' id='word_1_304' title='bbox 850 3227 966 3283; x_wconf 80' lang='lat' dir='ltr'><strong>unqumn</strong></span> <span class='ocrx_word' id='word_1_305' title='bbox 989 3210 1137 3265; x_wconf 75' lang='lat' dir='ltr'><strong>auelirinrus</strong></span> <span class='ocrx_word' id='word_1_306' title='bbox 1159 3211 1306 3266; x_wconf 76' lang='lat' dir='ltr'><strong>alanino.</strong></span> 
     </span>
     <span class='ocr_line' id='line_1_34' title="bbox 184 3290 750 3366; baseline 0.004 -22"><span class='ocrx_word' id='word_1_307' title='bbox 184 3317 186 3322; x_wconf 91' lang='grc'><strong><em>·</em></strong></span> <span class='ocrx_word' id='word_1_308' title='bbox 230 3290 352 3346; x_wconf 85' lang='lat' dir='ltr'><strong>lulius.</strong></span> <span class='ocrx_word' id='word_1_309' title='bbox 392 3293 427 3346; x_wconf 78' lang='lat' dir='ltr'><strong>At</strong></span> <span class='ocrx_word' id='word_1_310' title='bbox 449 3293 565 3353; x_wconf 77' lang='lat' dir='ltr'><strong>senties,</strong></span> <span class='ocrx_word' id='word_1_311' title='bbox 589 3293 639 3347; x_wconf 88' lang='lat' dir='ltr'><strong>nisi</strong></span> <span class='ocrx_word' id='word_1_312' title='bbox 662 3310 750 3366; x_wconf 84' lang='lat' dir='ltr'><strong>paros.</strong></span> 
     </span>
     <span class='ocr_line' id='line_1_35' title="bbox 228 3376 1453 3451; baseline 0.005 -22"><span class='ocrx_word' id='word_1_313' title='bbox 228 3376 361 3433; x_wconf 87' lang='lat' dir='ltr'><strong>Petrus.</strong></span> <span class='ocrx_word' id='word_1_314' title='bbox 402 3376 430 3431; x_wconf 88' lang='lat' dir='ltr'><strong>Si</strong></span> <span class='ocrx_word' id='word_1_315' title='bbox 454 3394 523 3451; x_wconf 78' lang='lat' dir='ltr'><strong>quos</strong></span> <span class='ocrx_word' id='word_1_316' title='bbox 545 3377 610 3433; x_wconf 92' lang='lat' dir='ltr'><strong>olim</strong></span> <span class='ocrx_word' id='word_1_317' title='bbox 633 3378 695 3433; x_wconf 88' lang='lat' dir='ltr'><strong>istis</strong></span> <span class='ocrx_word' id='word_1_318' title='bbox 719 3377 799 3432; x_wconf 78' lang='lat' dir='ltr'><strong>turnis</strong></span> <span class='ocrx_word' id='word_1_319' title='bbox 824 3378 954 3440; x_wconf 78' lang='lat' dir='ltr'><strong>terr-itast,</strong></span> <span class='ocrx_word' id='word_1_320' title='bbox 978 3377 1044 3432; x_wconf 82' lang='lat' dir='ltr'><strong>nilril</strong></span> <span class='ocrx_word' id='word_1_321' title='bbox 1067 3379 1099 3434; x_wconf 80' lang='lat' dir='ltr'><strong>aul</strong></span> <span class='ocrx_word' id='word_1_322' title='bbox 1119 3379 1192 3435; x_wconf 87' lang='lat' dir='ltr'><strong>lrune</strong></span> <span class='ocrx_word' id='word_1_323' title='bbox 1206 3379 1309 3435; x_wconf 84' lang='lat' dir='ltr'><strong>locum:</strong></span> <span class='ocrx_word' id='word_1_324' title='bbox 1335 3396 1390 3435; x_wconf 81' lang='lat' dir='ltr'><strong>arou</strong></span> <span class='ocrx_word' id='word_1_325' title='bbox 1409 3379 1453 3435; x_wconf 84' lang='lat' dir='ltr'><strong>liic</strong></span> 
     </span>
    </p>
   </div>
   <div class='ocr_carea' id='block_1_5' title="bbox 167 3540 368 3550">
    <p class='ocr_par' dir='ltr' id='par_1_5' title="bbox 167 3540 368 3550">
     <span class='ocr_line' id='line_1_36' title="bbox 167 3540 368 3550; baseline 0.015 -3"><span class='ocrx_word' id='word_1_326' title='bbox 167 3540 368 3550; x_wconf 48' lang='grc' dir='ltr'><strong>ψ-</strong></span> 
     </span>
    </p>
   </div>
   <div class='ocr_carea' id='block_1_6' title="bbox 165 3640 1464 4806">
    <p class='ocr_par' dir='ltr' id='par_1_6' title="bbox 165 3640 1464 4806">
     <span class='ocr_line' id='line_1_37' title="bbox 235 3640 1457 3711; baseline 0.002 -20"><span class='ocrx_word' id='word_1_327' title='bbox 235 3640 245 3672; x_wconf 82' lang='lat'>³</span> <span class='ocrx_word' id='word_1_328' title='bbox 259 3650 370 3693; x_wconf 84' lang='lat' dir='ltr'><strong>ornatae</strong></span> <span class='ocrx_word' id='word_1_329' title='bbox 383 3650 408 3693; x_wconf 84' lang='lat' dir='ltr'><strong>et</strong></span> <span class='ocrx_word' id='word_1_330' title='bbox 421 3650 582 3695; x_wconf 80' lang='lat' dir='ltr'><strong>cruentatus</strong></span> <span class='ocrx_word' id='word_1_331' title='bbox 595 3647 619 3694; x_wconf 83' lang='lat'><strong>1.</strong></span> <span class='ocrx_word' id='word_1_332' title='bbox 666 3643 792 3711; x_wconf 55' lang='lat' dir='ltr'><strong>inultam</strong></span> <span class='ocrx_word' id='word_1_333' title='bbox 806 3660 831 3708; x_wconf 92' lang='lat' dir='ltr'><strong>p.</strong></span> <span class='ocrx_word' id='word_1_334' title='bbox 840 3640 930 3710; x_wconf 80' lang='lat' dir='ltr'><strong><em>c.]&#39;Gf.</em></strong></span> <span class='ocrx_word' id='word_1_335' title='bbox 944 3661 983 3710; x_wconf 81' lang='lat' dir='ltr'><strong>ap.</strong></span> <span class='ocrx_word' id='word_1_336' title='bbox 997 3645 1020 3703; x_wconf 63' lang='grc' dir='ltr'><strong>ξ.</strong></span> <span class='ocrx_word' id='word_1_337' title='bbox 1037 3643 1075 3692; x_wconf 83' lang='lat' dir='ltr'><strong>lll.</strong></span> <span class='ocrx_word' id='word_1_338' title='bbox 1123 3643 1134 3675; x_wconf 82' lang='lat'>⁸</span> <span class='ocrx_word' id='word_1_339' title='bbox 1152 3650 1180 3694; x_wconf 84' lang='lat' dir='ltr'><strong>ot</strong></span> <span class='ocrx_word' id='word_1_340' title='bbox 1194 3649 1299 3694; x_wconf 66' lang='lat' dir='ltr'><strong>taio.</strong></span> <span class='ocrx_word' id='word_1_341' title='bbox 1318 3661 1352 3694; x_wconf 86' lang='lat' dir='ltr'><strong>no</strong></span> <span class='ocrx_word' id='word_1_342' title='bbox 1365 3648 1457 3695; x_wconf 84' lang='lat' dir='ltr'><strong>2.eett.</strong></span> 
     </span>
     <span class='ocr_line' id='line_1_38' title="bbox 168 3723 1459 3794; baseline 0.004 -22"><span class='ocrx_word' id='word_1_343' title='bbox 168 3723 177 3754; x_wconf 75' lang='lat'><strong>⁸</strong></span> <span class='ocrx_word' id='word_1_344' title='bbox 196 3728 331 3776; x_wconf 85' lang='lat' dir='ltr'><strong>uornnisso</strong></span> <span class='ocrx_word' id='word_1_345' title='bbox 344 3734 444 3791; x_wconf 74' lang='lat' dir='ltr'><strong>praeter</strong></span> <span class='ocrx_word' id='word_1_346' title='bbox 456 3731 479 3777; x_wconf 79' lang='lat'><strong>1.</strong></span> <span class='ocrx_word' id='word_1_347' title='bbox 491 3745 586 3778; x_wconf 71' lang='lat' dir='ltr'><strong>omnies.</strong></span> <span class='ocrx_word' id='word_1_348' title='bbox 635 3745 707 3793; x_wconf 87' lang='lat' dir='ltr'><strong>corp.</strong></span> <span class='ocrx_word' id='word_1_349' title='bbox 722 3729 786 3778; x_wconf 83' lang='lat' dir='ltr'><strong>hab.</strong></span> <span class='ocrx_word' id='word_1_350' title='bbox 800 3732 825 3780; x_wconf 85' lang='lat'><strong>2.</strong></span> <span class='ocrx_word' id='word_1_351' title='bbox 838 3735 897 3781; x_wconf 86' lang='lat' dir='ltr'><strong>eett.</strong></span> <span class='ocrx_word' id='word_1_352' title='bbox 945 3730 1072 3794; x_wconf 79' lang='lat' dir='ltr'><strong>Demque</strong></span> <span class='ocrx_word' id='word_1_353' title='bbox 1087 3733 1109 3778; x_wconf 86' lang='lat'><strong>1.</strong></span> <span class='ocrx_word' id='word_1_354' title='bbox 1117 3734 1141 3790; x_wconf 82' lang='lat'><strong>5,</strong></span> <span class='ocrx_word' id='word_1_355' title='bbox 1151 3732 1191 3778; x_wconf 78' lang='lat' dir='ltr'><strong>to,</strong></span> <span class='ocrx_word' id='word_1_356' title='bbox 1198 3733 1238 3778; x_wconf 76' lang='lat'><strong>15.</strong></span> <span class='ocrx_word' id='word_1_357' title='bbox 1258 3730 1358 3794; x_wconf 82' lang='lat' dir='ltr'><strong>Vtique</strong></span> <span class='ocrx_word' id='word_1_358' title='bbox 1370 3733 1459 3779; x_wconf 77' lang='lat' dir='ltr'><strong>ceteri.</strong></span> 
     </span>
     <span class='ocr_line' id='line_1_39' title="bbox 167 3805 1458 3878; baseline 0.005 -21"><span class='ocrx_word' id='word_1_359' title='bbox 167 3805 300 3873; x_wconf 69' lang='lat' dir='ltr'><strong>⁹quietus</strong></span> <span class='ocrx_word' id='word_1_360' title='bbox 315 3815 336 3860; x_wconf 83' lang='lat'><strong>1.</strong></span> <span class='ocrx_word' id='word_1_361' title='bbox 391 3812 412 3843; x_wconf 86' lang='lat'><strong>¹⁰</strong></span> <span class='ocrx_word' id='word_1_362' title='bbox 429 3813 555 3877; x_wconf 80' lang='lat' dir='ltr'><strong>depinxit</strong></span> <span class='ocrx_word' id='word_1_363' title='bbox 570 3821 670 3878; x_wconf 67' lang='lat' dir='ltr'><strong>praeter</strong></span> <span class='ocrx_word' id='word_1_364' title='bbox 683 3817 705 3862; x_wconf 81' lang='lat'><strong>1.</strong></span> <span class='ocrx_word' id='word_1_365' title='bbox 715 3818 754 3862; x_wconf 83' lang='lat'><strong>10.</strong></span> <span class='ocrx_word' id='word_1_366' title='bbox 767 3828 859 3863; x_wconf 82' lang='lat' dir='ltr'><strong>omnes.</strong></span> <span class='ocrx_word' id='word_1_367' title='bbox 908 3809 929 3844; x_wconf 80' lang='lat'><strong>¹¹</strong></span> <span class='ocrx_word' id='word_1_368' title='bbox 948 3813 1036 3862; x_wconf 74' lang='lat' dir='ltr'><strong>Initium</strong></span> <span class='ocrx_word' id='word_1_369' title='bbox 1051 3816 1176 3862; x_wconf 68' lang='lat' dir='ltr'><strong>(aaaron</strong></span> <span class='ocrx_word' id='word_1_370' title='bbox 1195 3813 1393 3863; x_wconf 73' lang='lat' dir='ltr'><strong>libidinosissime</strong></span> <span class='ocrx_word' id='word_1_371' title='bbox 1411 3829 1458 3878; x_wconf 75' lang='lat' dir='ltr'><strong>po·</strong></span> 
     </span>
     <span class='ocr_line' id='line_1_40' title="bbox 169 3885 1460 3975; baseline 0.004 -33"><span class='ocrx_word' id='word_1_372' title='bbox 169 3891 278 3975; x_wconf 65' lang='grc' dir='ltr'><strong>ιιαιξίν,</strong></span> <span class='ocrx_word' id='word_1_373' title='bbox 302 3886 384 3953; x_wconf 81' lang='grc' dir='ltr'>ὅσαις</span> <span class='ocrx_word' id='word_1_374' title='bbox 407 3885 446 3945; x_wconf 75' lang='grc' dir='ltr'><strong>ἄν</strong></span> <span class='ocrx_word' id='word_1_375' title='bbox 470 3888 604 3962; x_wconf 68' lang='grc' dir='ltr'><strong>ἐθέλησε,</strong></span> <span class='ocrx_word' id='word_1_376' title='bbox 635 3901 763 3947; x_wconf 72' lang='grc' dir='ltr'><strong>συνεῖναι</strong></span> <span class='ocrx_word' id='word_1_377' title='bbox 787 3900 945 3949; x_wconf 73' lang='lat' dir='ltr'><strong>consuevisse</strong></span> <span class='ocrx_word' id='word_1_378' title='bbox 968 3899 1120 3961; x_wconf 75' lang='lat' dir='ltr'><strong>eundemque</strong></span> <span class='ocrx_word' id='word_1_379' title='bbox 1142 3899 1263 3946; x_wconf 62' lang='lat' dir='ltr'><strong>drinaum</strong></span> <span class='ocrx_word' id='word_1_380' title='bbox 1285 3899 1460 3963; x_wconf 75' lang='lat' dir='ltr'><strong>petitionemque</strong></span> 
     </span>
     <span class='ocr_line' id='line_1_41' title="bbox 165 3978 1460 4047; baseline 0.005 -22"><span class='ocrx_word' id='word_1_381' title='bbox 165 3978 254 4041; x_wconf 65' lang='lat' dir='ltr'><strong>saitae,</strong></span> <span class='ocrx_word' id='word_1_382' title='bbox 272 3982 424 4046; x_wconf 80' lang='lat' dir='ltr'><strong>pariterque</strong></span> <span class='ocrx_word' id='word_1_383' title='bbox 441 3984 560 4031; x_wconf 80' lang='lat' dir='ltr'><strong>comitioli</strong></span> <span class='ocrx_word' id='word_1_384' title='bbox 576 3982 661 4031; x_wconf 83' lang='lat' dir='ltr'><strong>morbo</strong></span> <span class='ocrx_word' id='word_1_385' title='bbox 679 3983 811 4032; x_wconf 77' lang='lat' dir='ltr'><strong>tuberosae</strong></span> <span class='ocrx_word' id='word_1_386' title='bbox 828 3986 934 4032; x_wconf 82' lang='lat' dir='ltr'><strong>relatum</strong></span> <span class='ocrx_word' id='word_1_387' title='bbox 951 3987 1004 4035; x_wconf 75' lang='lat' dir='ltr'><strong>eat:</strong></span> <span class='ocrx_word' id='word_1_388' title='bbox 1022 3987 1048 4030; x_wconf 89' lang='lat' dir='ltr'><strong>ut</strong></span> <span class='ocrx_word' id='word_1_389' title='bbox 1065 3995 1128 4029; x_wconf 77' lang='lat' dir='ltr'><strong>eone</strong></span> <span class='ocrx_word' id='word_1_390' title='bbox 1144 3987 1244 4044; x_wconf 71' lang='lat' dir='ltr'><strong>preater</strong></span> <span class='ocrx_word' id='word_1_391' title='bbox 1261 3998 1348 4031; x_wconf 83' lang='lat' dir='ltr'><strong>nomen</strong></span> <span class='ocrx_word' id='word_1_392' title='bbox 1361 3986 1460 4047; x_wconf 70' lang='lat' dir='ltr'><strong>utrique</strong></span> 
     </span>
     <span class='ocr_line' id='line_1_42' title="bbox 170 4061 1461 4134; baseline 0.003 -24"><span class='ocrx_word' id='word_1_393' title='bbox 170 4061 235 4113; x_wconf 72' lang='lat' dir='ltr'><strong>laelio</strong></span> <span class='ocrx_word' id='word_1_394' title='bbox 252 4067 329 4113; x_wconf 77' lang='lat' dir='ltr'><strong>marita</strong></span> <span class='ocrx_word' id='word_1_395' title='bbox 346 4067 477 4115; x_wconf 69' lang='lat' dir='ltr'><strong>comenia</strong></span> <span class='ocrx_word' id='word_1_396' title='bbox 491 4067 599 4127; x_wconf 64' lang='lat' dir='ltr'><strong>frewini.</strong></span> <span class='ocrx_word' id='word_1_397' title='bbox 635 4065 670 4114; x_wconf 78' lang='lat' dir='ltr'><strong>ln</strong></span> <span class='ocrx_word' id='word_1_398' title='bbox 685 4065 804 4115; x_wconf 71' lang='lat' dir='ltr'><strong>Ouinium</strong></span> <span class='ocrx_word' id='word_1_399' title='bbox 821 4070 896 4116; x_wconf 82' lang='lat' dir='ltr'><strong>etiam</strong></span> <span class='ocrx_word' id='word_1_400' title='bbox 914 4069 1047 4134; x_wconf 73' lang='lat' dir='ltr'><strong>expressis</strong></span> <span class='ocrx_word' id='word_1_401' title='bbox 1064 4065 1147 4114; x_wconf 69' lang='grc' dir='ltr'><strong>υονὸιὲι</strong></span> <span class='ocrx_word' id='word_1_402' title='bbox 1168 4068 1276 4124; x_wconf 80' lang='lat' dir='ltr'><strong>rettulit,</strong></span> <span class='ocrx_word' id='word_1_403' title='bbox 1302 4064 1396 4115; x_wconf 79' lang='lat' dir='ltr'><strong>‘Iulios</strong></span> <span class='ocrx_word' id='word_1_404' title='bbox 1415 4082 1461 4130; x_wconf 83' lang='lat' dir='ltr'><strong>up·</strong></span> 
     </span>
     <span class='ocr_line' id='line_1_43' title="bbox 169 4147 1461 4214; baseline 0.002 -19"><span class='ocrx_word' id='word_1_405' title='bbox 169 4147 267 4210; x_wconf 76' lang='lat' dir='ltr'><strong>pellaei</strong></span> <span class='ocrx_word' id='word_1_406' title='bbox 286 4148 387 4212; x_wconf 84' lang='lat' dir='ltr'><strong>volarit,</strong></span> <span class='ocrx_word' id='word_1_407' title='bbox 412 4165 465 4199; x_wconf 89' lang='lat' dir='ltr'><strong>non</strong></span> <span class='ocrx_word' id='word_1_408' title='bbox 485 4150 593 4214; x_wconf 81' lang='lat' dir='ltr'><strong>quidem</strong></span> <span class='ocrx_word' id='word_1_409' title='bbox 612 4151 713 4200; x_wconf 88' lang='lat' dir='ltr'><strong>intuitu</strong></span> <span class='ocrx_word' id='word_1_410' title='bbox 731 4151 795 4201; x_wconf 87' lang='lat' dir='ltr'><strong>Iulii</strong></span> <span class='ocrx_word' id='word_1_411' title='bbox 813 4156 886 4200; x_wconf 82' lang='lat' dir='ltr'><strong>retro</strong></span> <span class='ocrx_word' id='word_1_412' title='bbox 904 4149 1047 4199; x_wconf 77' lang='lat' dir='ltr'><strong>Pontificio</strong></span> <span class='ocrx_word' id='word_1_413' title='bbox 1065 4149 1195 4208; x_wconf 79' lang='lat' dir='ltr'><strong>Romani,</strong></span> <span class='ocrx_word' id='word_1_414' title='bbox 1220 4156 1248 4199; x_wconf 85' lang='lat' dir='ltr'><strong>et</strong></span> <span class='ocrx_word' id='word_1_415' title='bbox 1270 4151 1330 4199; x_wconf 88' lang='lat' dir='ltr'><strong>miti</strong></span> <span class='ocrx_word' id='word_1_416' title='bbox 1348 4150 1461 4214; x_wconf 76' lang='lat' dir='ltr'><strong>ingenio</strong></span> 
     </span>
     <span class='ocr_line' id='line_1_44' title="bbox 168 4232 1462 4298; baseline 0.002 -18"><span class='ocrx_word' id='word_1_417' title='bbox 168 4233 220 4281; x_wconf 84' lang='lat' dir='ltr'><strong>viri</strong></span> <span class='ocrx_word' id='word_1_418' title='bbox 239 4249 272 4282; x_wconf 82' lang='lat' dir='ltr'><strong>ao</strong></span> <span class='ocrx_word' id='word_1_419' title='bbox 290 4234 415 4298; x_wconf 81' lang='lat' dir='ltr'><strong>pacifici,</strong></span> <span class='ocrx_word' id='word_1_420' title='bbox 436 4235 483 4284; x_wconf 76' lang='lat' dir='ltr'><strong>soil</strong></span> <span class='ocrx_word' id='word_1_421' title='bbox 502 4235 566 4284; x_wconf 90' lang='lat' dir='ltr'><strong>Iulii</strong></span> <span class='ocrx_word' id='word_1_422' title='bbox 579 4234 698 4284; x_wconf 76' lang='lat' dir='ltr'><strong>Caesaris</strong></span> <span class='ocrx_word' id='word_1_423' title='bbox 711 4235 745 4283; x_wconf 94' lang='lat' dir='ltr'><strong>ob</strong></span> <span class='ocrx_word' id='word_1_424' title='bbox 758 4235 888 4284; x_wconf 80' lang='lat' dir='ltr'><strong>virtutem</strong></span> <span class='ocrx_word' id='word_1_425' title='bbox 901 4233 1031 4282; x_wconf 73' lang='lat' dir='ltr'><strong>bellicam</strong></span> <span class='ocrx_word' id='word_1_426' title='bbox 1043 4232 1265 4298; x_wconf 62' lang='lat' dir='ltr'><strong>prestantissimi</strong></span> <span class='ocrx_word' id='word_1_427' title='bbox 1277 4233 1363 4292; x_wconf 84' lang='lat' dir='ltr'><strong>ducis,</strong></span> <span class='ocrx_word' id='word_1_428' title='bbox 1383 4248 1462 4298; x_wconf 83' lang='lat' dir='ltr'><strong>quem</strong></span> 
     </span>
     <span class='ocr_line' id='line_1_45' title="bbox 169 4315 1461 4386; baseline 0 -22"><span class='ocrx_word' id='word_1_429' title='bbox 169 4318 319 4386; x_wconf 84' lang='lat' dir='ltr'><strong>etimitnri</strong></span> <span class='ocrx_word' id='word_1_430' title='bbox 339 4320 469 4383; x_wconf 75' lang='lat' dir='ltr'><strong>egregius</strong></span> <span class='ocrx_word' id='word_1_431' title='bbox 487 4319 607 4369; x_wconf 73' lang='lat' dir='ltr'><strong>bellator</strong></span> <span class='ocrx_word' id='word_1_432' title='bbox 625 4320 770 4383; x_wconf 77' lang='lat' dir='ltr'><strong>quoesivit&#39;.</strong></span> <span class='ocrx_word' id='word_1_433' title='bbox 825 4316 845 4350; x_wconf 82' lang='lat'><strong>¹⁴</strong></span> <span class='ocrx_word' id='word_1_434' title='bbox 868 4318 978 4367; x_wconf 72' lang='lat' dir='ltr'><strong>anonim</strong></span> <span class='ocrx_word' id='word_1_435' title='bbox 997 4321 1020 4367; x_wconf 83' lang='lat'><strong>1.</strong></span> <span class='ocrx_word' id='word_1_436' title='bbox 1073 4315 1094 4349; x_wconf 77' lang='lat'><strong>¹⁵</strong></span> <span class='ocrx_word' id='word_1_437' title='bbox 1111 4315 1212 4368; x_wconf 74' lang='lat' dir='ltr'><strong>lindisi</strong></span> <span class='ocrx_word' id='word_1_438' title='bbox 1230 4322 1254 4367; x_wconf 84' lang='lat'><strong>1.</strong></span> <span class='ocrx_word' id='word_1_439' title='bbox 1262 4322 1286 4367; x_wconf 75' lang='lat'><strong>5.</strong></span> <span class='ocrx_word' id='word_1_440' title='bbox 1295 4320 1336 4368; x_wconf 81' lang='lat'><strong>10.</strong></span> <span class='ocrx_word' id='word_1_441' title='bbox 1354 4318 1411 4379; x_wconf 73' lang='lat' dir='ltr'><strong>Ma,</strong></span> <span class='ocrx_word' id='word_1_442' title='bbox 1424 4317 1461 4377; x_wconf 88' lang='lat' dir='ltr'><strong>di,</strong></span> 
     </span>
     <span class='ocr_line' id='line_1_46' title="bbox 170 4397 1463 4466; baseline 0.002 -18"><span class='ocrx_word' id='word_1_443' title='bbox 170 4397 228 4449; x_wconf 78' lang='grc' dir='ltr'><strong>Γι2.</strong></span> <span class='ocrx_word' id='word_1_444' title='bbox 248 4401 399 4451; x_wconf 71' lang='lat' dir='ltr'><strong>lindisi.</strong></span> <span class='ocrx_word' id='word_1_445' title='bbox 414 4407 534 4453; x_wconf 62' lang='lat' dir='ltr'><strong>namt.</strong></span> <span class='ocrx_word' id='word_1_446' title='bbox 559 4404 605 4452; x_wconf 82' lang='lat' dir='ltr'><strong>ltin</strong></span> <span class='ocrx_word' id='word_1_447' title='bbox 623 4401 681 4453; x_wconf 82' lang='lat' dir='ltr'><strong>deii</strong></span> <span class='ocrx_word' id='word_1_448' title='bbox 699 4407 723 4453; x_wconf 85' lang='lat'><strong>8.</strong></span> <span class='ocrx_word' id='word_1_449' title='bbox 735 4403 856 4453; x_wconf 73' lang='lat' dir='ltr'><strong>&#39;iloeleoi</strong></span> <span class='ocrx_word' id='word_1_450' title='bbox 875 4404 916 4450; x_wconf 81' lang='lat'><strong>15.</strong></span> <span class='ocrx_word' id='word_1_451' title='bbox 940 4401 1103 4450; x_wconf 82' lang='lat' dir='ltr'><strong>Mn..di..si..</strong></span> <span class='ocrx_word' id='word_1_452' title='bbox 1125 4405 1163 4451; x_wconf 82' lang='lat' dir='ltr'><strong>to.</strong></span> <span class='ocrx_word' id='word_1_453' title='bbox 1188 4401 1338 4466; x_wconf 72' lang='lat' dir='ltr'><strong>[inprecatio</strong></span> <span class='ocrx_word' id='word_1_454' title='bbox 1355 4402 1463 4450; x_wconf 75' lang='lat' dir='ltr'><strong>estsine</strong></span> 
     </span>
     <span class='ocr_line' id='line_1_47' title="bbox 167 4481 1462 4552; baseline 0.002 -20"><span class='ocrx_word' id='word_1_455' title='bbox 167 4486 320 4547; x_wconf 69' lang='lat' dir='ltr'><strong>preliator</strong></span> <span class='ocrx_word' id='word_1_456' title='bbox 338 4486 393 4548; x_wconf 80' lang='lat' dir='ltr'><strong>dei,</strong></span> <span class='ocrx_word' id='word_1_457' title='bbox 412 4486 435 4536; x_wconf 86' lang='lat' dir='ltr'><strong>si</strong></span> <span class='ocrx_word' id='word_1_458' title='bbox 453 4490 505 4537; x_wconf 79' lang='lat' dir='ltr'><strong>siue</strong></span> <span class='ocrx_word' id='word_1_459' title='bbox 517 4481 557 4552; x_wconf 82' lang='lat' dir='ltr'><strong>pel</strong></span> <span class='ocrx_word' id='word_1_460' title='bbox 571 4485 638 4550; x_wconf 80' lang='grc' dir='ltr'><strong><em>Δία,</em></strong></span> <span class='ocrx_word' id='word_1_461' title='bbox 657 4486 688 4541; x_wconf 85' lang='lat' dir='ltr'><strong>si.</strong></span> <span class='ocrx_word' id='word_1_462' title='bbox 702 4487 764 4536; x_wconf 85' lang='lat' dir='ltr'><strong>atsi</strong></span> <span class='ocrx_word' id='word_1_463' title='bbox 786 4487 875 4536; x_wconf 81' lang='lat' dir='ltr'><strong>ltntiee</strong></span> <span class='ocrx_word' id='word_1_464' title='bbox 892 4488 926 4534; x_wconf 77' lang='lat' dir='ltr'><strong>sit</strong></span> <span class='ocrx_word' id='word_1_465' title='bbox 939 4486 1029 4545; x_wconf 86' lang='lat' dir='ltr'><strong>immo,</strong></span> <span class='ocrx_word' id='word_1_466' title='bbox 1050 4487 1164 4544; x_wconf 78' lang='lat' dir='ltr'><strong>utinum,</strong></span> <span class='ocrx_word' id='word_1_467' title='bbox 1184 4501 1261 4537; x_wconf 78' lang='lat' dir='ltr'><strong>saue.</strong></span> <span class='ocrx_word' id='word_1_468' title='bbox 1301 4484 1322 4518; x_wconf 81' lang='lat'><strong>¹⁸</strong></span> <span class='ocrx_word' id='word_1_469' title='bbox 1339 4485 1462 4536; x_wconf 70' lang='lat' dir='ltr'><strong>Sanctis·</strong></span> 
     </span>
     <span class='ocr_line' id='line_1_48' title="bbox 168 4568 1464 4635; baseline 0.003 -19"><span class='ocrx_word' id='word_1_470' title='bbox 168 4569 231 4616; x_wconf 75' lang='lat' dir='ltr'><strong>sirini</strong></span> <span class='ocrx_word' id='word_1_471' title='bbox 250 4571 274 4617; x_wconf 83' lang='lat'><strong>2.</strong></span> <span class='ocrx_word' id='word_1_472' title='bbox 288 4576 313 4617; x_wconf 82' lang='lat' dir='ltr'><strong>et</strong></span> <span class='ocrx_word' id='word_1_473' title='bbox 331 4577 390 4619; x_wconf 77' lang='lat' dir='ltr'><strong>rete.</strong></span> <span class='ocrx_word' id='word_1_474' title='bbox 402 4579 504 4634; x_wconf 53' lang='lat' dir='ltr'><strong>praeter</strong></span> <span class='ocrx_word' id='word_1_475' title='bbox 516 4576 537 4620; x_wconf 82' lang='lat'><strong>1.</strong></span> <span class='ocrx_word' id='word_1_476' title='bbox 549 4575 586 4620; x_wconf 83' lang='lat'><strong>10.</strong></span> <span class='ocrx_word' id='word_1_477' title='bbox 651 4570 672 4603; x_wconf 69' lang='lat'><strong>&#39;³</strong></span> <span class='ocrx_word' id='word_1_478' title='bbox 691 4568 825 4635; x_wconf 83' lang='lat' dir='ltr'><strong>lulianus]</strong></span> <span class='ocrx_word' id='word_1_479' title='bbox 844 4572 881 4619; x_wconf 76' lang='lat' dir='ltr'><strong>aet</strong></span> <span class='ocrx_word' id='word_1_480' title='bbox 897 4569 986 4618; x_wconf 85' lang='lat' dir='ltr'><strong>Iuliam</strong></span> <span class='ocrx_word' id='word_1_481' title='bbox 999 4569 1067 4631; x_wconf 83' lang='lat'><em>(11.)</em></span> <span class='ocrx_word' id='word_1_482' title='bbox 1079 4572 1218 4632; x_wconf 77' lang='lat' dir='ltr'><strong>pertinens.</strong></span> <span class='ocrx_word' id='word_1_483' title='bbox 1248 4571 1371 4620; x_wconf 72' lang='lat' dir='ltr'><strong>Fortasse</strong></span> <span class='ocrx_word' id='word_1_484' title='bbox 1388 4572 1464 4620; x_wconf 72' lang='lat' dir='ltr'><strong>etim</strong></span> 
     </span>
     <span class='ocr_line' id='line_1_49' title="bbox 168 4652 1464 4720; baseline 0.003 -19"><span class='ocrx_word' id='word_1_485' title='bbox 168 4653 204 4701; x_wconf 79' lang='lat' dir='ltr'><strong>oei</strong></span> <span class='ocrx_word' id='word_1_486' title='bbox 216 4652 338 4702; x_wconf 83' lang='lat' dir='ltr'><strong>Iulinmnn</strong></span> <span class='ocrx_word' id='word_1_487' title='bbox 357 4662 499 4720; x_wconf 81' lang='lat' dir='ltr'><strong>apostatum</strong></span> <span class='ocrx_word' id='word_1_488' title='bbox 518 4657 640 4704; x_wconf 74' lang='lat' dir='ltr'><strong>adludere</strong></span> <span class='ocrx_word' id='word_1_489' title='bbox 658 4657 734 4703; x_wconf 75' lang='lat' dir='ltr'><strong>volarit</strong></span> <span class='ocrx_word' id='word_1_490' title='bbox 753 4663 851 4704; x_wconf 77' lang='lat' dir='ltr'><strong>arcetur.</strong></span> <span class='ocrx_word' id='word_1_491' title='bbox 883 4653 1007 4702; x_wconf 78' lang='lat' dir='ltr'><strong>lulianus</strong></span> <span class='ocrx_word' id='word_1_492' title='bbox 1024 4656 1099 4703; x_wconf 79' lang='lat' dir='ltr'><strong>etiam</strong></span> <span class='ocrx_word' id='word_1_493' title='bbox 1118 4655 1313 4704; x_wconf 60' lang='lat' dir='ltr'><strong>luttrestharra</strong></span> <span class='ocrx_word' id='word_1_494' title='bbox 1330 4656 1464 4719; x_wconf 81' lang='lat' dir='ltr'><strong>pontifioa·</strong></span> 
     </span>
     <span class='ocr_line' id='line_1_50' title="bbox 168 4719 1462 4806; baseline 0.005 -20"><span class='ocrx_word' id='word_1_495' title='bbox 168 4744 217 4786; x_wconf 83' lang='lat' dir='ltr'><strong>turn</strong></span> <span class='ocrx_word' id='word_1_496' title='bbox 236 4744 365 4802; x_wconf 82' lang='lat' dir='ltr'><strong>arreptura</strong></span> <span class='ocrx_word' id='word_1_497' title='bbox 379 4739 476 4801; x_wconf 70' lang='lat' dir='ltr'><strong>piarat.</strong></span> <span class='ocrx_word' id='word_1_498' title='bbox 512 4738 534 4771; x_wconf 74' lang='lat'><strong>¹⁸</strong></span> <span class='ocrx_word' id='word_1_499' title='bbox 553 4741 675 4788; x_wconf 79' lang='lat' dir='ltr'><strong>insciens</strong></span> <span class='ocrx_word' id='word_1_500' title='bbox 695 4743 845 4790; x_wconf 79' lang='lat'><em>1.5.10.15.</em></span> <span class='ocrx_word' id='word_1_501' title='bbox 858 4739 939 4789; x_wconf 80' lang='lat' dir='ltr'><strong>ceteri</strong></span> <span class='ocrx_word' id='word_1_502' title='bbox 957 4738 1069 4788; x_wconf 71' lang='lat' dir='ltr'><strong>iustius.</strong></span> <span class='ocrx_word' id='word_1_503' title='bbox 1104 4736 1127 4770; x_wconf 67' lang='lat'><strong>&#39;⁰</strong></span> <span class='ocrx_word' id='word_1_504' title='bbox 1146 4754 1180 4790; x_wconf 75' lang='lat' dir='ltr'><strong>no</strong></span> <span class='ocrx_word' id='word_1_505' title='bbox 1193 4743 1216 4791; x_wconf 84' lang='lat'><strong>1.</strong></span> <span class='ocrx_word' id='word_1_506' title='bbox 1225 4744 1266 4791; x_wconf 76' lang='lat' dir='ltr'><strong>to.</strong></span> <span class='ocrx_word' id='word_1_507' title='bbox 1285 4745 1345 4806; x_wconf 62' lang='lat' dir='ltr'><strong>atq)</strong></span> <span class='ocrx_word' id='word_1_508' title='bbox 1363 4744 1387 4791; x_wconf 89' lang='grc'><strong>2.</strong></span> <span class='ocrx_word' id='word_1_509' title='bbox 1401 4719 1462 4793; x_wconf 79' lang='lat' dir='ltr'><strong>rell.</strong></span> 
     </span>
    </p>
   </div>
   <div class='ocr_carea' id='block_1_7' title="bbox 0 0 1657 5414">
    <p class='ocr_par' dir='ltr' id='par_1_7' title="bbox 0 0 1657 5414">
     <span class='ocr_line' id='line_1_51' title="bbox 0 0 1657 5414; baseline 0 0"><span class='ocrx_word' id='word_1_510' title='bbox 0 0 1657 5414; x_wconf 95' lang='lat' dir='ltr'><strong> </strong></span> 
     </span>
    </p>
   </div>
  </div>
 </body>
</html>
