3276 5414
276 398 367 450 VIllI.
438 414 564 449 nourron
584 415 695 450 rmuvs.
767 413 907 450 uranonvs
927 414 1113 450 nvrrnurcvs.
1139 396 1223 461 (15²⁰.)
1323 382 1396 454 349

101 579 132 629 tu
154 585 222 645 age,
247 587 314 628 rum
338 576 396 627 tam
421 587 502 648 aequa
526 586 661 637 moneas
696 545 765 647 quid
789 569 933 647 estquod
957 566 1057 645 plnres
1079 568 1174 628 adbuc
1227 565 1396 643 fflluelflflffi,

100 678 168 729 suut
197 670 247 747 qui
277 670 439 730 doctrinam
470 676 549 730 tuam
579 670 727 748 cognitam
757 688 815 729 nnn
845 676 1024 750 acceperunt
1054 688 1140 748 quam
1170 669 1219 748 qui
1248 668 1396 730 Lutherici

102 772 169 831 lacti
192 772 277 831 sunt?

164 892 336 935 cvrucnvs.
373 852 442 933 Scio
464 872 542 933 illam
566 880 675 934 sectam
698 892 797 933 amare
821 891 937 934 crassos
959 891 1063 933 omnes
1090 880 1267 952 tenerosque
1296 881 1324 934 et
1347 872 1396 933 elc-

81 972 218 1043 slieatas,
241 993 295 1034 nce
319 973 405 1034 turba
427 981 548 1035 moveor
569 982 597 1035 et
612 973 812 1044 multitudine,
835 975 886 1035 sed
902 992 1003 1035 rerum
1020 973 1260 1034 existimationem
1277 992 1395 1053 sequar.

104 1083 135 1134 tu
153 1095 286 1154 (litaque,
309 1077 334 1135 si
357 1095 403 1136 me
426 1075 543 1145 audies
566 1094 625 1136 nnn
649 1075 796 1136 dubitabis
819 1076 967 1136 declinare
989 1078 1087 1136 tritam
1110 1075 1189 1136 illam
1246 1073 1396 1151 ljlufidffi·

102 1175 201 1237 multis
224 1184 252 1236 et
274 1177 391 1257 planam
414 1178 504 1246 riam,
529 1185 617 1256 atque
639 1185 762 1256 uirgusta
785 1178 857 1247 hae,
881 1177 972 1238 ardua
996 1184 1024 1238 et
1045 1177 1124 1238 baud
1140 1177 1210 1238 dum
1226 1178 1264 1237 ita
1280 1179 1396 1255 cognita

102 1278 226 1356 ingredi.

166 1399 316 1442 nonrron.
355 1380 419 1441 Non
443 1381 545 1450 audio,
569 1387 657 1458 amne
686 1382 754 1441 bine
777 1382 834 1440 iam
857 1382 968 1458 migro,
1003 1399 1040 1442 ne
1068 1383 1092 1441 si
1121 1382 1229 1443 diutius
1252 1399 1470 1455 maneamnss.

71 1480 185 1542 millum
209 1482 279 1542 mibi
303 1480 480 1560 clavigerum
503 1483 642 1543 ricarium
666 1482 739 1543 male
762 1483 923 1561 propitium
945 1482 1076 1543 reddam.

168 1603 342 1645 cvmianvs.
380 1583 489 1663 iligna,
514 1585 631 1664 quando
654 1586 692 1645 ita
715 1584 843 1645 ridetur:
867 1584 908 1644 tui
931 1592 1029 1645 autem
1051 1586 1210 1653 miserear,
1234 1587 1282 1664 qui
1298 1587 1340 1646 sic
1355 1587 1396 1646 in·

104 1703 206 1745 versus
228 1685 298 1744 mibi
322 1704 370 1757 es,
395 1688 427 1746 ut
449 1705 515 1765 quae
537 1704 597 1746 uon
619 1693 688 1746 sunt
709 1685 861 1765 splendida
884 1685 991 1755 ducac,
1021 1694 1049 1746 et
1075 1686 1223 1747 derelictis
1246 1689 1321 1748 reris
1344 1687 1399 1747 illis

104 1807 137 1847 ac
161 1785 260 1847 solidis
282 1788 399 1848 inanem
423 1787 537 1848 lumum
560 1794 589 1848 et
610 1805 707 1848 meras
729 1806 854 1867 sequare
877 1804 980 1865 nugas.

169 1908 319 1950 uonrron.
357 1889 469 1950 Tamen
492 1890 597 1968 migro.
632 1888 703 1951 ralc.

73 2011 97 2049 rs
170 2010 343 2052 nvrncnvs.
380 1990 416 2050 Et
437 1998 468 2051 tu
492 1991 569 2061 vale,
593 1992 641 2052 cui
663 1993 788 2052 maxime
811 2009 886 2068 opus
909 1997 962 2052 est.

168 2111 318 2153 nourron.
357 2092 415 2152 Sed
437 2093 511 2154 bcus
534 2100 579 2161 tu,
604 2093 746 2161 Luthere,
770 2095 827 2153 scis
850 2093 920 2171 quid
943 2093 1075 2154 futurum
1099 2095 1161 2154 est?

169 2215 341 2255 errmnva.
379 2194 421 2254 lte
444 2213 490 2254 me
514 2196 652 2265 coniicio,
676 2195 712 2256 de
735 2201 883 2255 tenutam
907 2196 957 2274 qui
978 2196 1087 2256 sciam?

170 2316 319 2357 memnon.
357 2296 492 2356 l‘rnxime
515 2295 698 2357 Cardinalem
720 2296 831 2357 ridebis
853 2315 909 2357 mc.
1028 2372 1035 2386 .

170 2416 342 2459 muneres.
380 2397 481 2458 llaben
504 2398 637 2458 tandem:
661 2397 719 2458 boc
740 2400 842 2477 precio
862 2417 925 2459 rem
948 2400 1178 2464 inestimabilem
1244 2398 1399 2485 ᾗξξξξῂξῗη·

73 2520 99 2559 20
109 2497 277 2567 vendidisti,
306 2501 447 2569 animam;
476 2501 664 2560 onriseriasl
696 2501 799 2578 ltaque
827 2504 938 2578 unigra,
974 2501 1058 2561 nobis
1086 2503 1249 2563 mirandum
1277 2513 1322 2564 est
1355 2505 1401 2562 in·

107 2601 208 2667 terim,
239 2606 270 2659 ut
292 2617 347 2678 pro
370 2608 397 2661 te
419 2601 534 2679 perdito
557 2600 629 2662 alios
652 2603 747 2661 statim
771 2602 846 2661 dnos
868 2609 917 2662 arrt
946 2610 1007 2662 tres
1035 2603 1251 2665 lucrifaciamus
1273 2605 1399 2666 Cbristo.
