3276 5414
422 367 494 437 562
859 391 976 426 υιΛι,οοι
996 390 1290 426 esnvoouvrrnzrrcr.
1340 378 1352 391 ⁸

484 555 503 610 F
513 553 734 609 erelinnnilus.
772 552 860 625 Pnpe,
889 550 952 624 quid
985 549 1036 609 huc
1066 549 1104 604 rei
1133 554 1196 604 estl
1234 548 1309 604 Vielc
1342 565 1382 604 ne
1409 548 1439 602 in
1464 546 1549 622 palam
1569 549 1634 603 olent

420 642 502 696 «iterim
525 639 621 695 ellerus
644 638 783 711 protinus,
807 635 1024 710 quandoquidem
1049 635 1074 689 iel
1097 633 1161 689 unali
1186 633 1303 688 ominis
1329 650 1401 688 resse
1426 640 1595 706 augurantur.

484 724 636 779 ttarolns.
674 722 860 796 Nequaquam:
883 737 975 775 rerum
999 735 1161 775 evanescens
1186 719 1214 774 in
1244 736 1352 775 auram
1379 718 1545 774 rimini-arum
1565 736 1622 773 uon

421 829 477 866 rem
500 809 637 870 susurriit.
661 825 692 863 ne
716 807 781 882 quid
804 805 914 862 turbato
937 822 967 861 ae
990 803 1090 880 pusillo
1112 804 1204 860 animo
1233 805 1352 867 sorem,
1381 822 1418 860 ac
1442 804 1555 860 monitis
1575 822 1633 878 pm

422 896 630 970 aequimccreiq.

367 985 412 1034 t--t
487 976 736 1035 Ferrlinanelus.
776 975 844 1032 llum
867 977 899 1032 ael
929 995 957 1031 se
987 975 1126 1032 accersivit
1155 980 1186 1028 ut
1215 973 1293 1029 olim
1319 976 1456 1031 Aeneam
1480 974 1626 1031 Aucliisesi

422 1084 485 1140 pum
509 1064 645 1138 Elysium?

483 1148 637 1203 Carolus.
676 1146 750 1201 tileo
772 1164 803 1200 ex
826 1163 905 1219 aequo
930 1144 1003 1200 illius
1025 1144 1224 1218 protectionem
1252 1145 1368 1200 metior
1394 1163 1430 1200 ac
1447 1163 1540 1201 nucum
1555 1147 1636 1200 soum

421 1236 552 1295 nese-iani,
575 1232 711 1287 electurus
735 1231 840 1286 uesieu
864 1229 937 1285 illius
959 1230 1141 1287 narrationem
1164 1227 1205 1283 vel
1232 1230 1341 1303 potius
1368 1230 1544 1304 praeclaram
1566 1232 1622 1286 aei

421 1319 576 1375 inertioriam
600 1319 650 1373 erici
674 1317 808 1371 insomnii.

487 1401 732 1458 Fereliuanilus.
770 1401 901 1457 Pervelim
924 1401 1025 1457 audire.

487 1487 612 1542 tlarolu
621 1507 642 1541 s.
680 1486 772 1541 tlestio
795 1503 905 1541 nurture.
928 1494 1071 1559 postquam
1095 1484 1212 1539 rcelicro.

367 1584 412 1631 te.
489 1572 740 1628 Ferelinauelus.
778 1571 960 1627 Prolieiseeris
984 1570 1085 1641 igitur?

486 1656 642 1712 Carolus.
681 1656 717 1711 lta
740 1657 879 1712 ‹lucretum
902 1663 958 1715 est.
982 1654 1114 1728 siqnidem
1138 1652 1192 1708 iliis
1216 1655 1396 1728 parendum.

486 1742 735 1798 Fereliuauilus.
773 1740 907 1808 Quorsum
930 1739 994 1801 linc.
1018 1739 1219 1797 amantissime?
1249 1738 1414 1797 instructis
1441 1742 1499 1800 iam
1521 1742 1607 1817 copiis
1631 1767 1633 1776 ·

421 1828 485 1885 ilum
508 1826 606 1883 luisset
628 1826 654 1881 in
672 1825 841 1887 Gerenauias;
863 1824 959 1881 eleinele
983 1822 1124 1901 imperium
1146 1823 1369 1888 vendicandum.
1397 1828 1582 1901 pervadenda
1596 1826 1638 1883 lta

422 1931 475 1986 que
499 1912 598 1968 iliielem
620 1911 815 1986 expugnandus
839 1911 939 1972 Tucca,
968 1918 996 1965 et
1025 1909 1103 1965 turtio
1126 1905 1172 1964 illa
1195 1908 1331 1983 symonis
1355 1913 1462 1987 magi:
1493 1913 1522 1969 in
1552 1913 1632 1970 elitioa

424 1998 539 2054 eocariela
563 1995 750 2052 lleeliolauum.
774 1995 837 2071 quiri
860 1995 912 2052 lioc
934 1995 985 2050 iam
1010 1994 1036 2049 in
1059 2002 1175 2050 aientem
1197 1994 1292 2049 verrit?

486 2081 642 2137 Carolus.
680 2083 768 2154 Atque
790 2079 826 2135 ob
848 2078 900 2135 hoc
922 2079 1048 2142 maxime,
1072 2096 1126 2153 quo
1149 2078 1212 2152 quiel
1235 2081 1382 2153 agendum
1411 2083 1455 2139 sit
1480 2084 1621 2159 experiar:

424 2186 478 2242 quo
500 2167 605 2237 evitium
628 2175 768 2240 postremo
791 2173 919 2238 quantum
943 2164 1022 2220 nohis
1044 2162 1226 2238 astipulentur
1248 2164 1316 2221 iata.

367 2272 412 2319 cs,
488 2250 739 2307 Fertlinauelus.
778 2249 938 2306 Stilleeerint
965 2249 996 2305 ael
1020 2250 1070 2305 hor
1093 2249 1197 2321 negocii
1221 2248 1405 2307 Genethliaci
1440 2262 1472 2309 et
1496 2253 1636 2329 Philosopl

423 2338 505 2413 nique
529 2348 555 2391 et
578 2335 659 2391 aulici
682 2335 770 2391 nostri
792 2343 920 2409 penates,
943 2345 973 2390 ut
996 2332 1210 2391 Cerroiocolaces.

485 2416 644 2477 Carolus.
682 2419 753 2476 Nihil
776 2436 869 2475 moror
891 2419 944 2477 lior,
967 2420 1105 2476 leontinum
1128 2436 1224 2493 geniis.
1248 2419 1357 2495 quippe
1385 2424 1472 2496 quod
1499 2424 1537 2481 oli
1562 2424 1636 2481 blanl

424 2511 541 2565 favorem
565 2524 660 2580 parum
684 2505 756 2578 integi
779 2504 913 2566 consulat,
937 2504 1077 2580 pluraque
1100 2505 1179 2560 etiam
1202 2504 1375 2561 eruentiatur
1402 2508 1435 2563 in
1463 2509 1605 2572 savorem,

423 2595 465 2669 pis
487 2592 588 2667 aliquid
611 2591 784 2664 adipiscatur.

488 2676 735 2734 lerelinnnelns.
773 2675 948 2733 nelvocaoelus
976 2676 1060 2748 igitur·
1082 2674 1190 2749 lyeresin
1221 2674 1323 2748 aliquis
1347 2676 1392 2733 vei
1419 2656 1583 2737 Zoroastes
1606 2697 1635 2736 au

424 2763 572 2819 Mercurius
595 2762 618 2816 ei
644 2779 735 2834 operte
759 2761 915 2835 specialiter
937 2760 1053 2816 eluelitus.

369 2865 414 2915 §.u
488 2846 642 2903 ttarolus.
681 2846 772 2920 Neque
794 2847 892 2902 hermu
915 2845 1094 2901 tabulamentr
1119 2845 1293 2918 magnifacio,
1317 2854 1427 2922 utpote
1456 2847 1636 2908 Christianus

487 2932 739 2988 Ferilinauelus.
777 2931 834 2997 lluo
859 2932 942 3002 igitur
964 2931 1077 2987 eliretore
1099 2930 1298 3006 proficisceris?
1322 2933 1447 2990 numine
1474 2935 1578 3012 aliquo
1602 2956 1638 2991 es

487 3017 640 3073 Carolus.
679 3019 765 3089 ittqne
788 3015 840 3073 linc
862 3015 969 3089 ipiielem
992 3016 1018 3070 in
1042 3025 1170 3090 promptu
1193 3025 1248 3075 est,
1272 3014 1460 3076 Maximiliani
1479 3021 1599 3079 Genius.

424 3105 519 3179 ponelit
543 3109 622 3157 noete
646 3102 696 3156 iam
721 3101 881 3174 intempesta
905 3101 1115 3159 sereeliturum.
1569 3096 1572 3100 ’

489 3186 743 3243 Ferelinauelus.
781 3185 873 3241 Faxint
898 3186 1005 3259 stupori,
1029 3195 1058 3241 ut
1082 3187 1154 3242 lirino
1178 3185 1305 3258 felicique
1329 3186 1450 3245 itinere.

368 3291 414 3339 §.t
489 3271 640 3328 tlarnlus.
679 3272 717 3326 Tu
742 3272 848 3326 interim
872 3272 893 3325 si
919 3270 981 3344 quivi
1005 3272 1110 3345 negocii
1135 3271 1287 3332 cleonem,
1311 3274 1469 3346 expedito:
1488 3278 1624 3336 'militum

424 3362 524 3416 timum
549 3359 684 3427 ingeritem
714 3372 843 3411 svunmam
871 3356 1029 3418 convlueito,
1063 3374 1117 3430 quo
1140 3364 1234 3412 estate
1263 3356 1356 3412 lutura
1386 3358 1416 3414 in
1444 3356 1631 3422 Germaniam

424 3465 490 3501 triers.
529 3443 574 3497 seel
599 3443 650 3497 iam
674 3452 779 3514 tempus
802 3441 874 3497 solvit
898 3459 952 3514 quo
976 3442 1074 3497 raelaiu.
1098 3458 1150 3515 ego
1174 3442 1200 3496 in
1222 3440 1343 3497 conclavi
1369 3460 1414 3499 me
1442 3449 1622 3524 proripio·

486 3529 619 3585 licerius.
658 3527 741 3588 licus,
767 3545 782 3581 o
805 3526 913 3581 Carolc!
936 3543 969 3581 en
992 3527 1101 3582 aelsum:
1124 3544 1232 3582 auream
1256 3534 1281 3582 te
1304 3544 1405 3584 zonam
1423 3535 1630 3609 praecingere,

423 3615 506 3670 elarim
530 3612 613 3686 cupiti
635 3613 759 3673 aelniove.
783 3612 936 3667 caduceum
959 3620 1072 3684 gestans
1096 3612 1122 3667 in
1145 3611 1277 3668 romilius.

488 3698 642 3754 umatus.
682 3700 769 3772 Atque
793 3697 827 3751 itn
853 3698 902 3751 inm
927 3697 997 3751 leci·

369 3801 414 3852 §.e
491 3784 624 3838 tteuius.
663 3782 741 3837 l'ates
769 3781 848 3836 nuliis
875 3782 994 3838 :ielemula
1023 3782 1114 3855 prius:
1142 3783 1164 3837 si
1194 3782 1256 3856 quid
1281 3781 1369 3853 igitur
1394 3783 1574 3855 obvenerit.
1609 3811 1625 3850 u

422 3868 477 3923 eles.
515 3869 560 3922 seel
585 3869 635 3922 iam
659 3863 701 3922 me
722 3883 845 3940 sequere.

487 3951 641 4009 ttarolus.
681 3950 763 4008 Ellam
791 3969 900 4026 specum
931 3953 1187 4026 permutetissimam.
1221 3951 1343 4024 caligant
1380 3956 1480 4021 oculi:
1523 3980 1637 4036 quom„

425 4038 554 4094 silvelueisl

489 4123 627 4178 Genius.
667 4126 781 4178 ulturum
804 4132 845 4178 est
869 4123 1039 4196 Siliyllinum.

490 4207 643 4262 Carolus.
682 4209 801 4281 Erynnes
825 4209 901 4262 vitlem
926 4217 1065 4263 tartareas.

490 4295 624 4348 Genius.
662 4293 770 4366 Silvrllre
794 4303 874 4348 ¹suin:
898 4311 955 4349 eam
979 4311 1038 4366 qum
1061 4293 1149 4366 primo
1174 4293 1279 4365 prodit,
1303 4292 1475 4357 Cumanam.
1504 4304 1636 4362 auor-im

371 4392 416 4440 §.o
490 4377 646 4434 Carolus.
684 4378 819 4434 {tererem
840 4378 973 4433 vetulam:
998 4377 1070 4433 salve
1093 4377 1174 4432 anus!

501 4546 538 4551 —-·
548 4545 616 4553 --

490 4643 512 4675 ²¹·
531 4645 684 4694 Quiresias.
689 4645 956 4696 ‚velZoroastor3.
1010 4640 1032 4676 ¹*
1051 4650 1144 4695 volvem
1163 4658 1361 4710 magorumque
1381 4661 1419 4696 ex
1442 4656 1630 4722 antiquitati

423 4728 515 4777 loto
501 4730 635 4793 exempla.
692 4728 715 4761 ³⁴
734 4738 822 4781 estote
843 4735 865 4780 1.
