3330 5408
291 392 363 461 562
702 464 705 471 Ι
726 419 844 453 nranoor
864 419 1134 453 renvnonvrrnurcr.
1177 406 1187 419 ⁸

353 578 602 634 Feraliuauilus.
639 579 727 652 Papo,
757 577 819 650 quid
851 577 902 635 nne
933 577 971 631 rei
1000 578 1059 631 est?
1090 575 1152 630 t'tte
1181 592 1214 630 ne
1238 574 1263 629 in
1286 573 1376 648 palam
1401 576 1426 630 id
1451 583 1517 630 ante
1540 576 1588 629 tri·

288 666 371 719 ‹lurtm
393 664 489 719 elleras
512 664 651 736 protinus,
675 662 891 735 quandoquidem
916 662 941 716 id
964 661 1025 715 titali
1050 660 1148 715 iiiniinis
1171 678 1230 714 csse
1254 669 1433 732 augurantur.

352 747 503 803 Carolus.
542 748 727 820 Nequaquann
751 763 842 801 neriam
866 763 1026 801 evanescens
1050 746 1076 800 in
1100 763 1191 800 auram
1214 745 1369 800 nmlirarum
1394 762 1474 800 more
1498 747 1524 800 in
1540 763 1587 800 au·

289 852 344 890 rem
368 833 505 893 susurriit,
528 850 560 887 ue
584 833 648 906 epiriil
672 832 780 887 turbate
804 849 834 887 ae
856 829 956 905 pusillo
978 830 1068 886 animo
1092 831 1192 892 iorem,
1216 830 1381 885 accaronitis
1404 848 1585 904 praepropere

290 919 497 992 acquiescerem.

234 1008 279 1056 aa,
354 1002 603 1058 l'erilinandus.
643 1001 710 1058 llum
734 1002 765 1057 ail
795 1020 823 1057 sc
853 1001 992 1058 accersivit
1022 1007 1051 1054 ut
1079 999 1143 1055 olim
1166 1001 1281 1056 Aeneam
1305 1000 1439 1056 Anchises
1464 1001 1491 1054 in
1515 1018 1586 1055 caru·

289 1107 351 1163 pum
376 1088 512 1162 Elysium?

351 1173 504 1227 Carolus.
543 1171 616 1226 ltileo
639 1189 670 1226 ex
693 1188 772 1244 atquo
796 1169 868 1225 illius
891 1171 1087 1243 profectionem
1111 1170 1209 1226 nnetior
1230 1188 1261 1225 ae
1277 1187 1364 1225 ancum
1381 1171 1537 1231 somnium,
1555 1178 1585 1225 ut

288 1259 418 1318 nesciam,
442 1257 577 1312 electurus
601 1274 634 1310 ne
657 1257 706 1311 sini
730 1254 802 1311 illius
825 1257 1008 1312 narrationem
1031 1255 1070 1309 vel
1095 1256 1188 1328 potius
1211 1255 1368 1327 praeclaram
1393 1273 1423 1309 ae
1441 1255 1584 1311 iucunilam

287 1344 442 1398 meritoriam
466 1343 516 1397 urei
540 1342 674 1396 insomnii.
1498 1333 1507 1368 ¹
1593 1354 1615 1392 u

264 1464 267 1469 -
353 1427 598 1483 l'eriliuanilns.
636 1426 766 1482 l'errelim
790 1427 890 1481 autlire.

353 1512 508 1568 Carolus.
545 1511 637 1566 Gestio
661 1528 771 1566 nar-rme
794 1521 936 1584 postquam
962 1510 1077 1565 reilioro.

233 1609 279 1657 §.t
356 1597 605 1652 Ferulinanilus.
643 1596 825 1652 Proficisceris
848 1596 951 1668 igitur?

352 1681 508 1737 Carolus.
547 1681 582 1736 lta
606 1682 743 1737 decretum
767 1689 823 1742 est,
847 1680 980 1754 siqnidem
1004 1680 1058 1735 lliis
1081 1681 1237 1754 parentium.

352 1766 600 1823 l'erilinanilus.
638 1765 772 1833 Quorsum
795 1766 859 1826 laec,
884 1766 1084 1822 amantissime?
1114 1765 1252 1821 instructis
1275 1764 1328 1822 iana
1349 1765 1439 1839 copiis
1462 1765 1613 1839 migras-u

287 1853 351 1909 ilum
373 1852 470 1908 luisset
493 1851 520 1906 in
537 1851 705 1912 Germanias:
728 1850 823 1906 ‹leimle
848 1850 989 1927 inqicrium
1012 1850 1218 1911 veanttcantum,
1241 1850 1410 1924 pervailenila
1427 1849 1521 1912 ltalia.
1545 1861 1584 1907 at·

288 1955 340 2010 que
365 1936 463 1993 iliirlem
485 1935 680 2010 oxprrgnauilus
703 1937 803 1998 Turca.
833 1945 860 1991 ot
890 1936 968 1992 turlia
992 1932 1037 1990 illa
1061 1934 1186 2009 Syrnonis
1208 1935 1296 2009 magi:
1325 1935 1352 1990 in
1381 1934 1517 1992 ditionem
1541 1953 1582 1990 re·

289 2023 404 2078 i'oeauila
428 2020 614 2077 Mediolanum.
639 2019 701 2095 quid
725 2020 776 2078 hoe
799 2021 850 2076 iam
874 2020 900 2075 in
924 2030 1040 2077 mentem
1063 2021 1152 2076 venit?

352 2104 507 2162 Carolus.
544 2108 632 2180 Atque
655 2105 690 2161 oli
713 2105 764 2161 laoe
787 2105 912 2169 maxime.
936 2123 991 2180 quo
1014 2106 1077 2179 quitl
1100 2106 1232 2181 agendum
1255 2105 1291 2161 sit
1314 2105 1456 2179 experiar:
1487 2104 1582 2162 deinde

289 2210 343 2266 qno
365 2191 470 2262 orarium
493 2200 632 2265 postremo
655 2199 783 2263 quantum
807 2189 886 2246 nobis
908 2189 1090 2266 astipulentur
1111 2191 1174 2247 lata.
1588 2205 1610 2243 aa

232 2296 277 2343 §.a
352 2276 371 2331 F
379 2275 603 2332 erilinanilus.
642 2275 802 2331 Sullecerint
829 2275 860 2331 ael
884 2277 935 2333 hoe
957 2276 1062 2348 negocii
1086 2272 1251 2331 Genethliaci
1280 2283 1308 2330 et
1329 2274 1508 2350 Philosophi,
1538 2276 1581 2331 ile·

289 2363 370 2436 nique
394 2373 420 2416 et
443 2359 524 2416 aulici
547 2361 634 2416 nostri
656 2369 784 2435 penates,
808 2370 838 2416 ut
860 2359 1074 2418 Carolucolaees.
1383 2433 1385 2437 ,

350 2440 508 2501 Carolus.
546 2443 616 2500 Niliil
640 2462 734 2500 nroror
756 2446 808 2502 laec
831 2446 968 2501 leontinum
992 2463 1088 2519 gentis,
1113 2445 1212 2520 qnippe
1237 2445 1309 2519 ‹piroil
1333 2444 1369 2502 ol»
1392 2444 1539 2502 blanditias
1554 2454 1580 2500 et

288 2535 406 2589 sanorem
429 2548 524 2606 parum
548 2530 620 2603 frugi
643 2531 777 2593 consulat,
801 2530 940 2606 pluraque
964 2531 1043 2586 ctiam
1066 2530 1229 2587 erraerrtiatur
1253 2531 1278 2585 in
1302 2530 1437 2592 favorem,
1464 2549 1518 2606 quo
1533 2531 1579 2585 sti·

287 2620 329 2693 pis
352 2617 452 2690 aliquiil
475 2615 647 2689 adipiscatur.
1586 2629 1607 2667 rs

352 2701 599 2758 l'erilinanilns.
636 2701 812 2758 llilroeanilus
839 2701 923 2773 igitur
946 2700 1054 2774 'lynesio
1085 2700 1183 2774 aliquis
1205 2699 1246 2757 rel
1268 2683 1414 2756 Zoroastres
1438 2709 1486 2756 aut
1507 2709 1578 2756 certe

289 2787 436 2844 llercurius
459 2787 482 2840 ci
508 2804 598 2859 operae
623 2785 778 2860 specialiter
800 2785 916 2842 (leuitas.
1020 2786 1023 2793 '

234 2889 279 2939 aa,
352 2870 506 2927 Carolus.
544 2870 636 2944 Neque
657 2871 755 2927 horum
779 2870 957 2927 salsulamenta
982 2871 1156 2944 insignissimo,
1179 2879 1276 2946 utpote
1299 2867 1480 2926 Christianus.

351 2956 548 3012 Feraliuanil
557 2974 602 3010 us.
641 2955 698 3022 Garri
723 2957 806 3027 igitur
828 2956 941 3012 ‹luetore
962 2956 1162 3031 proficisceris?
1185 2956 1293 3012 numine
1316 2955 1409 3029 aliquo
1434 2965 1477 3011 est
1500 2974 1573 3029 iupus.

351 3041 504 3098 Carolus.
542 3043 628 3113 Atque
652 3041 704 3098 lieo
726 3041 832 3114 qniilcm
856 3041 881 3094 iu
904 3051 1034 3115 promptu
1057 3052 1111 3103 est.
1136 3041 1304 3097 llaximiliani
1321 3040 1430 3117 Genius.
1471 3042 1493 3095 is
1515 3053 1603 3114 spo-ao

287 3129 384 3204 ponilit
406 3135 485 3182 uincto
509 3126 560 3180 iam
584 3126 745 3199 intempesta
768 3126 979 3185 sareditarum.

353 3210 606 3268 Ferulinandus.
644 3210 738 3266 l'anint
762 3211 868 3284 superi,
892 3219 921 3266 ut
945 3212 1018 3267 laeuo
1042 3210 1168 3285 iclielqne
1191 3211 1297 3267 itinere.

232 3314 278 3362 aa,
353 3296 503 3352 Carolus.
542 3296 580 3350 Tu
605 3297 712 3351 interim
735 3297 756 3350 si
782 3296 844 3369 qntt
869 3297 973 3370 negocii
998 3297 1151 3358 obvenerit,
1175 3297 1314 3372 expedito:
1329 3295 1457 3353 'militum
1480 3313 1577 3371 praca-

287 3386 388 3440 riorum
413 3383 547 3454 ingentem
577 3396 706 3436 surramam
734 3381 892 3442 construite,
926 3399 980 3455 quo
1003 3390 1098 3438 astate
1127 3382 1216 3437 lutura
1244 3382 1271 3436 in
1294 3371 1464 3438 Germaniam
1493 3381 1576 3438 solra·

287 3488 354 3525 iratis.
392 3468 439 3522 scil
463 3467 513 3521 iam
538 3476 642 3539 tenipus
665 3466 737 3522 subit
761 3460 937 3539 quomdam.
962 3484 1013 3540 ego
1037 3468 1064 3521 in
1086 3466 1205 3523 conclavi
1228 3484 1270 3522 uie
1292 3467 1426 3540 proripio.
1442 3481 1454 3503 ·
1583 3476 1601 3513 ta

350 3553 483 3608 Genius.
522 3551 605 3613 lleus,
630 3570 645 3605 o
668 3550 776 3606 Carole!
799 3568 831 3606 en
856 3552 964 3607 ailsunr:
987 3569 1096 3607 auream
1119 3560 1145 3607 te
1167 3569 1262 3607 aetnam
1278 3552 1462 3625 praecingere.
1486 3560 1513 3609 et
1534 3570 1575 3625 er·

286 3639 371 3694 ilarim
394 3636 478 3710 capiti
499 3637 623 3697 animove.
647 3636 799 3691 cailumeum
822 3645 935 3708 gestans
958 3637 985 3692 in
1008 3636 1140 3693 manibus.

352 3721 506 3786 Carolus.
546 3723 632 3794 itique
657 3721 691 3774 ita
716 3722 766 3775 iam
790 3721 860 3776 leci·

233 3824 279 3876 qa,
355 3807 488 3862 Genius.
527 3806 604 3861 Vates
633 3805 711 3860 uoltis
738 3806 857 3861 aileumla
886 3806 977 3879 prius:
1005 3807 1026 3862 si
1057 3807 1119 3881 quid
1144 3807 1229 3878 igitur
1252 3805 1407 3867 obverterit,
1440 3824 1473 3862 ne
1497 3806 1573 3880 trepi-

286 3891 342 3947 ilos.
379 3893 425 3946 seil
448 3892 498 3946 iarn
523 3887 564 3945 me
585 3906 708 3963 sequere.
1579 3895 1598 3933 ⁴⁰

351 3976 505 4032 Carolus.
545 3973 627 4031 Ellam
655 3991 764 4049 specum
794 3977 1050 4050 prolnmlissimam.
1084 3976 1205 4049 caligant
1239 3975 1326 4035 oculi:
1362 3994 1495 4049 quorsum
1528 3992 1571 4030 nos

289 4061 418 4117 aliilueis‘t

353 4146 491 4201 Genius.
530 4150 644 4201 Antrum
668 4155 709 4201 est
733 4146 902 4221 Siliplliuum.

354 4230 506 4286 Carolus.
546 4231 665 4305 Erqiirres
687 4233 764 4286 viileo
789 4240 928 4287 tartareas.

354 4316 488 4371 Genius.
526 4315 634 4389 Sibyllae
657 4326 738 4372 sinat:
761 4335 818 4372 eant
842 4335 901 4390 (pirae
925 4317 1011 4390 primo
1036 4317 1141 4389 prmlit.
1165 4316 1322 4377 Carmonem,
1347 4315 1466 4371 ailorire.
1576 4330 1595 4369 u

235 4416 280 4464 §.u
354 4399 510 4457 Carolus.
548 4401 683 4457 llorereor
705 4401 837 4457 vetulam:
861 4401 932 4457 salve
955 4402 1036 4456 arnust

289 4568 481 4576 -....-——-—-—

355 4666 377 4698 ²⁰
395 4668 519 4717 Tiresias
572 4667 617 4718 vel
630 4669 776 4719 Zoroaster
794 4671 820 4716 3.
873 4663 895 4700 ‘l
913 4672 1007 4719 settim
1025 4682 1221 4734 magorumque
1240 4682 1274 4716 ex
1293 4668 1510 4732 antiquitatibus
1528 4664 1569 4716 ail-

288 4748 347 4798 letn
366 4753 500 4817 exemplet.
556 4751 579 4785 ⁸⁴
598 4760 687 4804 estete
707 4757 729 4803 t.
