3276 5414
177 349 250 425 59ss
615 376 733 415 blancus
752 375 1036 415 ΗΙΥῺΟΠὙΤΤΙΜΩΙ.

176 543 235 605 515,
259 542 292 598 115
314 540 365 597 beo
388 538 561 602 muneribus:
584 538 648 612 quin
671 546 699 595 et
720 549 830 610 teneam
853 536 960 601 tribuo,
984 546 1018 593 et
1043 550 1231 610 anogaeum.
1257 540 1287 588 et
1303 532 1468 607 pentesiriaror.
1498 546 1501 569 ¹

179 635 208 685 et
230 627 254 683 si
276 642 336 700 quae
358 634 421 681 sunt
443 625 476 680 iis
498 623 578 680 etiam
600 623 752 687 crruleliona
772 622 926 680 carnificum
949 624 1172 678 instrumenta.

124 720 170 770 11.
243 711 427 769 lluttenus.
464 708 550 765 Alteri
571 708 678 764 dederis
699 708 748 764 has
770 708 921 771 mercedes,
944 724 1005 764 non
1031 706 1120 763 milri.

243 796 394 851 Veritas.
431 795 487 850 lmo
509 801 537 849 et
560 793 618 849 tibi.

242 881 428 936 lluttenus.
463 881 498 934 dt
520 897 571 952 ego
594 877 721 952 recipiam
745 894 921 952 nequaquam.

244 964 396 1020 Veritas.
434 961 501 1031 Ouid
524 964 547 1019 si
569 972 596 1019 te
617 962 795 1037 cumpulero?

248 1049 269 1104 ll
278 1058 432 1120 uttepus.
468 1047 527 1104 Non
548 1065 591 1105 me
614 1046 775 1122 compelles,
798 1047 867 1105 liber
889 1064 957 1104 sum.

246 1134 394 1190 Veritas.
430 1133 520 1188 Audes
543 1133 628 1207 igitur
649 1131 782 1206 repellere
805 1150 901 1189 nomen
923 1140 951 1188 et
973 1131 1081 1188 lamam
1110 1129 1331 1187 inmortalem?

246 1211 443 1275 lluttenus.⁸
468 1216 556 1274 llalim
578 1235 671 1274 carere
693 1217 743 1274 bac
764 1217 860 1292 gloria.

247 1303 396 1358 Veritas.
433 1302 555 1375 Recipies
577 1303 650 1365 scio.
674 1302 730 1358 scio
752 1302 877 1378 recipies.

247 1388 429 1444 lluttenus.
466 1388 647 1461 Nequaquam:

142 1515 174 1527 ..
250 1468 404 1528 Veritas]
434 1473 488 1535 dli,
512 1472 571 1527 sine
594 1466 654 1547 quo'
671 1472 777 1546 palpem
800 1481 881 1546 atquc
903 1471 1031 1529 deliniam
1055 1482 1086 1529 te
1114 1472 1283 1530 modicum.

248 1557 431 1613 lluttenus.
469 1558 496 1612 Si
519 1575 583 1631 spes
605 1566 678 1614 esset
699 1557 841 1632 depulsum
865 1558 896 1612 iri
920 1558 1037 1632 patriam
1060 1559 1258 1632 servitutem.

246 1641 395 1698 Veritas.
432 1641 563 1698 Prorsus:
586 1659 648 1698 nam
671 1642 697 1697 id
721 1643 747 1697 in
770 1643 910 1716 procinctu
927 1650 983 1704 est.
1007 1642 1095 1699 modo
1114 1641 1233 1716 pusillo
1251 1643 1351 1698 animo
1366 1642 1476 1698 uelum

246 1727 434 1783 lluttenus.
471 1727 536 1783 Cum
558 1727 629 1783 mula
652 1729 772 1801 peperit.
796 1727 836 1784 vel
858 1728 890 1784 ad
913 1728 1019 1784 Graecas
1042 1727 1193 1784 calendas.

247 1811 398 1868 Veritas.
435 1815 470 1866 dt
493 1830 553 1885 quae
571 1813 680 1886 lopyro
703 1813 811 1887 peperit
833 1811 920 1875 mula,
943 1821 1022 1887 putas
1044 1830 1081 1869 ne
1107 1813 1252 1887 paritura
1277 1815 1317 1871 sit
1339 1824 1368 1870 et
1389 1812 1447 1868 tibi?

247 1896 433 1953 1151155555.
470 1897 531 1954 Scio
554 1897 688 1971 quondam
712 1895 820 1953 Galbam
842 1894 932 1953 1155555
953 1915 997 1954 rea
1019 1915 1110 1954 noras
1135 1898 1317 1955 molientem
1347 1897 1471 1974 plures
1453 1915 1480 1952 u

185 1981 257 2038 lril
246 1999 323 2056 acque
345 1981 520 2038 confirmasse
550 1991 581 2038 ut
611 1980 690 2037 mulae
720 1990 842 2055 parturn:
871 1999 963 2038 verum
986 1982 1067 2039 altius
1094 1983 1285 2040 irroboravit
1308 1984 1369 2041 15555
1390 1985 1479 2040 sentia

185 2084 265 2141 quam
287 2075 318 2122 ut
340 2065 438 2141 depelli
462 2066 565 2141 possit,
588 2065 727 2141 plaeraque
750 2067 830 2123 etiam
852 2074 1006 2124 nostrarum
1029 2083 1129 2125 rernm
1153 2054 1320 2170 desperata
1343 2078 1414 2126 sunt

129 2163 175 2213 55
249 2152 393 2209 Veritas
430 2151 563 2213 1155155.
586 2151 708 2208 obsecro.
1483 2168 1493 2205 5

250 2236 433 2293 lluttenus.
469 2236 529 2292 Nou
552 2236 624 2292 vides
647 2245 678 2292 ut
698 2237 800 2311 passim
823 2235 947 2306 obtinent
969 2237 1058 2293 omnia
1079 2237 1254 2302 Curtiaani,
1283 2249 1316 2296 ut
1339 2240 1481 2296 admoure

186 2322 241 2379 sica
263 2322 336 2378 ouini
359 2330 387 2378 et
409 2320 535 2395 ampullis
557 2319 702 2384 indantur,
725 2321 868 2396 ridentque
890 2339 940 2378 nos
962 2322 1061 2378 etiam‘t
1090 2339 1147 2380 nec
1171 2325 1251 2380 satis
1278 2335 1326 2381 est
1356 2325 1480 2381 5515555555

185 2415 213 2463 55
234 2407 387 2470 excoriare.
411 2407 461 2463 uisi
485 2406 565 2463 etiam
587 2406 689 2480 apertis
711 2406 848 2463 cachinnis
864 2401 913 2463 noi
928 2406 1107 2463 subsannent.
1157 2411 1287 2466 Accedit
1310 2410 1390 2484 vulgi
1411 2426 1482 2483 supa*

185 2491 278 2555 stilio,
302 2491 374 2565 quod
398 2490 480 2547 toties
501 2491 584 2548 ictum
607 2491 720 2548 necdum
743 2491 827 2566 sapit:
852 2500 905 2549 tam
928 2490 1013 2549 multa
1034 2491 1174 2549 hactenus
1193 2494 1282 2552 ultro
1298 2496 1482 2569 citroqueacta

186 2586 264 2639 aunt,
289 2586 316 2634 et
339 2577 449 2651 Tyresia
470 2575 569 2632 caecius
592 2585 642 2632 est.
1487 2594 1500 2631 5

130 2664 178 2714 §.tt
252 2662 401 2719 Veritas.
438 2660 562 2717 Christus
586 2669 611 2717 te
634 2669 717 2722 amet.
742 2661 875 2724 llutteue‚
900 2662 946 2735 qui
969 2670 1090 2718 nostram
1116 2664 1273 2721 miseriam
1292 2667 1433 2741 respiciet.
1452 2683 1484 2719 ne

188 2764 241 2820 que
264 2748 384 2822 patietur
406 2746 478 2802 ultra
500 2746 632 2802 dominari
656 2746 735 2802 nobis
758 2747 805 2821 qui
827 2746 943 2803 oderunt
966 2764 1024 2803 nos.

250 2832 434 2888 lluttenus.
471 2831 554 2905 Atqui
576 2831 608 2887 ad
626 2827 764 2887 'summum
787 2832 903 2888 excrevit
924 2832 1019 2888 fastus.

250 2917 400 2973 Veritas.
436 2915 474 2973 Eo
497 2915 583 2991 magis
605 2934 636 2972 ac
657 2917 743 2989 magis
766 2917 898 2990 agendum
922 2916 1059 2980 consulte,
1088 2935 1125 2974 no
1150 2920 1223 2994 quid
1253 2930 1368 2978 temere
1392 2921 1486 2978 55155

186 3003 350 3076 prudenter:
375 3001 478 3057 tardius
500 3001 660 3057 ambulando
682 3002 763 3057 etiarn
786 3001 896 3074 longum
920 3003 971 3058 iter
992 3001 1149 3077 perficitur:
1175 3005 1253 3078 quid
1279 3024 1404 3082 usquam
1420 3008 1444 3062 in
1458 3019 1505 3061 rea

188 3086 239 3144 bus
261 3086 415 3144 urortalium
438 3086 543 3142 firmum
565 3104 596 3142 ac
617 3086 714 3143 stabile
737 3087 809 3160 quod
831 3087 1032 3161 praecipitatur?

133 3176 177 3226 11.
252 3172 434 3228 lluttenus.
470 3170 582 3227 Interim
597 3188 649 3244 ego
665 3171 692 3226 iu
708 3170 817 3228 erilium
832 3171 958 3246 allegor,
981 3171 1109 3234 55111155,
1134 3176 1336 3247 proscribor,
1361 3179 1489 3235 devoveor.

252 3256 400 3313 Veritas.
436 3256 580 3330 ltquibus
604 3254 711 3312 tamen?

251 3342 437 3399 lluttenus.
474 3341 690 3398 dllouranistis.

252 3427 399 3484 Veritas.
436 3425 528 3482 Videu'
551 3444 593 3483 me
616 3426 795 3498 exoculatam.
819 3427 980 3490 sauciatam,
1002 3426 1228 3486 claudicantem?
1496 3448 1510 3485 5

258 3696 267 3729 ¹
290 3691 417 3761 aeneam]
441 3711 533 3745 annea.
559 3711 592 3745 aa
610 3697 763 3746 uenenum?
785 3699 836 3746 siae
863 3701 914 3746 cult
935 3699 1120 3747 instrumentum
1145 3699 1184 3748 ad
1205 3714 1298 3751 uenas
1331 3704 1493 3754 155515155ὼὲ

184 3772 344 3847 Ι5555555555]
364 3770 513 3845 dempster,
532 3781 739 3833 inatrumentum
753 3787 950 3845 eupratcrram
963 3781 1083 3838 5155555,
1103 3781 1193 3843 furca,
1215 3791 1394 3852 suspensio.
1441 3804 1493 3855 peu·

187 3857 711 3930 11551τί5555555555555555551555555,
730 3865 835 3929 lignum
859 3866 977 3930 quinque
1001 3866 1179 3916 toraminas.
1194 3865 1321 3922 fistulas
1341 3873 1453 3924 habeas
1468 3871 1493 3921 51

187 3951 368 4001 includendos
385 3949 483 4016 pedes,
503 3965 599 3999 manus
618 3953 646 3998 et
663 3947 772 3999 collum
791 3949 828 3999 51.
840 3945 978 4015 Aristoph.
992 3942 1079 4014 equit.
1091 3947 1166 3999 toto.
1223 3950 1250 3985 ¹⁶
1271 3971 1341 4007 cum
1363 3958 1442 4008 mula
1458 3974 1494 4022 pe

187 4033 270 4101 perit]
291 4027 379 4085 155εά5
396 4026 512 4101 ἡμίονοι
530 4028 638 4089 τέκωσι.
656 4033 787 4084 Η5555151.
801 4034 851 4083 111.
868 4033 923 4084 tal.
977 4037 1103 4100 graeaal.
1152 4034 1190 4084 ad
1203 4035 1337 4092 Graecaa
1358 4038 1494 4104 calendas]

189 4122 206 4170 ἰ.
222 4127 245 4170 e'.
260 4135 414 4184 numquam.
430 4120 466 4169 51.
479 4119 590 4170 Sueten.
604 4119 703 4170 Octav.
718 4133 741 4168 c.
754 4116 796 4168 87.
868 4118 888 4151 ¹⁰
911 4119 1025 4185 Zopyro.
1045 4118 1495 4186 51.Η5555151.,1Π.153.15551155

188 4202 426 4254 15151,Ρ1511.1.10.
491 4201 982 4271 11(1511),]1155515515115115554.
1033 4198 1139 4268 Romae]
1158 4202 1211 4257 Ro.
1227 4209 1257 4257 1.
1323 4210 1348 4244 ¹¹
1371 4214 1496 4263 numae

186 4284 256 4354 sica]
276 4288 309 4337 ln
328 4288 462 4338 conviviis
480 4287 625 4338 ludebatur
642 4288 746 4338 inflatia
768 4289 870 4340 vesicis
887 4288 1072 4354 parasitorum
1090 4289 1190 4353 capita
1207 4297 1430 4361 percutiend03
1447 4297 1496 4348 151.

158 4445 161 4450 ‚
187 4374 290 4424 veaicae
309 4377 338 4422 et
356 4372 483 4439 ampullae
502 4390 550 4439 pro
569 4375 701 4424 fastuosis
718 4372 959 4440 sesquipedalibus
981 4373 1073 4424 verbis
1095 4369 1176 4436 (Hor.
1191 4379 1250 4426 art.
1265 4386 1350 4444 poet.
1363 4382 1423 4447 97.)
1440 4382 1498 4450 poni

185 4457 322 4509 videntur.
374 4455 396 4488 ²⁵
413 4459 529 4508 ’11555155
541 4458 665 4510 ’11515551
684 4460 942 4522 caecitaa‚1unonia
961 4460 1009 4508 irae
1024 4457 1136 4522 debita,
1155 4459 1209 4509 aed
1228 4468 1265 4514 et
1285 4466 1443 4520 divinandi
1459 4485 1497 4535 po

186 4546 275 4592 testas
294 4557 310 4591 a
328 4542 393 4592 Iove
412 4543 478 4595 data
496 4544 525 4593 in
537 4546 710 4608 proverbium
723 4546 860 4596 abierunt.
874 4544 912 4594 51.
925 4545 1021 4595 quen.
1035 4548 1088 4594 sat.
1100 4543 1180 4593 11111.
1188 4545 1209 4597 1.
1218 4546 1240 4598 1.
1256 4549 1377 4619 Hygia.
1393 4554 1498 4605 1515715

185 4626 672 4690 1515555.511051111151111323.
759 4630 783 4664 ⁸⁰
804 4625 921 4696 tardim]
944 4644 1055 4679 unavex
1077 4626 1172 4678 55551115
1197 4636 1358 4696 proverbii
1379 4639 1499 4690 ‘Festina

187 4708 270 4759 lentc'
290 4712 396 4774 fonnis,
417 4708 521 4762 enadda
535 4706 670 4778 βραδέως.
723 4712 744 4746 ³¹
763 4715 891 4766 morraliir
912 4719 936 4764 1.
