3276 5414
278 345 350 413 464
463 360 567 408 OBd'llO
584 374 622 408 Ala
640 374 784 408 cnttru‘rt'tt
802 374 864 407 0P'l'.
880 374 945 408 ΙᾹΧ.
961 375 1012 408 rito
1032 376 1112 410 lunio
1136 375 1173 412 11.
1191 374 1317 409 uovlttt
1339 376 1367 411 1³.
1383 375 1415 411 Ι.
1607 360 1617 425 l

275 539 306 587 ut
328 531 372 587 liic
394 529 476 586 lulius
499 530 567 586 luliu
590 530 709 605 placeat,
733 531 879 605 audiatque
893 530 1053 607 peptilentes
1068 531 1242 589 adulatores
1259 533 1373 589 iuliani
1390 533 1507 589 neminis
1524 552 1575 589 anu

276 615 303 671 in
330 614 428 672 eoelum
458 615 602 677 tollentes,
635 633 670 671 ne
700 616 772 671 lurte
800 616 938 672 conlatiur
967 615 1065 690 aliquia
1094 618 1161 685 ritae
1191 617 1428 674 sirnilitudinem
1459 636 1576 691 aquitanas

277 700 378 757 exitum
401 701 465 756 item
488 699 603 756 similem
626 701 812 773 imprecatum·
828 701 875 757 sed
897 701 1007 757 Petrum
1030 700 1081 757 silii
1105 711 1277 776 proponat,
1306 704 1356 759 eui
1383 704 1447 777 ipse
1469 710 1576 759 tnaseui
1611 742 1617 779 ᾗ

277 785 424 859 pascendas
446 784 621 847 commisisti,
645 786 691 839 aed
714 802 768 841 non
792 786 844 840 nisi
868 795 910 841 ter
932 803 1051 843 amorem
1072 787 1224 860 professo.
1267 788 1359 844 euius
1392 789 1456 845 lraee
1482 798 1520 843 est
1538 806 1576 842 ιιιι
1611 788 1617 851 l

277 869 416 943 pontificia
439 886 488 924 roa
511 870 538 925 in
561 868 715 943 evangelim
740 869 829 932 ‘Eeee‚
853 888 904 926 niis
927 869 1087 945 reliquimus
1109 872 1219 933 omnia,
1256 881 1291 928 et
1317 874 1416 929 secuti
1441 891 1529 928 sumus
1545 874 1587 927 tr'22
1611 858 1617 937 l

277 954 355 1011 cuius
376 963 405 1010 et
428 953 472 1009 illa
495 963 538 1009 est
560 971 622 1009 rere
645 954 751 1015 niaairui
775 954 911 1028 pontilicis
940 958 1051 1010 ‘durum
1078 963 1106 1010 et
1135 964 1300 1029 argentum
1334 976 1398 1013 ιιιιιι
1422 966 1465 1013 est
1488 976 1576 1013 mann:
1612 968 1618 1011 t

208 1040 350 1113 §.tuquud
374 1045 462 1094 autern
486 1038 587 1099 haliau.
610 1039 662 1094 hoe
686 1038 734 1093 tilii
756 1038 808 1095 ilu'.
850 1039 986 1106 Quantum
1008 1039 1106 1095 alrsunt
1127 1040 1162 1095 ali
1185 1041 1242 1096 liae
1269 1041 1450 1098 excellentia
1465 1043 1531 1097 l’etri
1548 1043 1576 1114 qn

276 1122 445 1200 spiritalibus
468 1124 547 1180 bunis
571 1123 680 1179 omnino
702 1124 776 1179 vacui
800 1131 890 1179 tamen
914 1123 1009 1180 titulus
1037 1124 1168 1198 quonlam
1196 1133 1228 1181 et
1265 1144 1350 1183 ruera
1386 1128 1501 1201 pictatia
1526 1144 1577 1181 iura

276 1209 339 1265 bula
362 1225 460 1281 magno
483 1209 618 1268 rendunt.
646 1224 677 1263 ac
701 1216 804 1263 tanturn
827 1209 879 1264 line
900 1218 1069 1282 eurigeruut,
1092 1218 1120 1264 et
1141 1209 1195 1264 silai
1218 1221 1419 1284 congerunt.
1454 1213 1523 1286 quud
1541 1214 1577 1284 pri

174 1326 177 1331 ·
276 1310 337 1350 mua
360 1292 406 1349 ille
427 1302 523 1367 paster
544 1310 573 1349 se
595 1310 650 1349 non
672 1291 772 1348 lraliere
794 1292 938 1366 gloriatur.
981 1292 1064 1361 Quam
1087 1293 1255 1355 absurdum.
1284 1304 1318 1351 ut
1342 1299 1486 1371 pauperis
1501 1298 1591 1352 Cluana

254 1378 393 1435 -uiearius
415 1387 517 1452 praeter
538 1394 633 1433 aurum
656 1376 722 1432 nihil
745 1377 858 1440 halreat,
882 1388 910 1434 et
933 1386 1037 1434 tantum
1059 1378 1155 1433 ltalieat
1179 1379 1242 1434 auri
1271 1389 1305 1436 ut
1331 1390 1471 1456 satrapas
1493 1400 1576 1455 qunque

209 1473 308 1521 §.tuae
330 1480 410 1534 reges
432 1462 545 1536 peeurda
568 1462 656 1536 pessit
677 1479 862 1537 eorrirnipere.
908 1462 979 1519 llane
1008 1462 1092 1536 igitur
1122 1471 1174 1518 tarn
1206 1464 1347 1523 eximiam
1373 1467 1457 1522 l'etri
1481 1467 1577 1522 sublini

277 1556 360 1604 tatem
383 1565 480 1619 niagno
503 1547 591 1603 animo
614 1546 714 1603 ambiat
736 1546 819 1603 lulius
843 1556 919 1607 tuus.
946 1556 977 1603 ut
999 1564 1061 1602 rere
1084 1554 1147 1602 tuus
1168 1547 1222 1603 dici
1247 1551 1367 1623 pussit;
1400 1569 1521 1625 eumque
1539 1568 1577 1605 niu

276 1631 365 1688 aulum
388 1632 461 1687 vitiis
485 1631 608 1687 uurnilius
631 1629 730 1693 liliera,
753 1640 784 1687 ut
805 1631 924 1706 papulus
948 1641 1011 1687 tuus
1034 1633 1060 1686 in
1085 1630 1131 1686 illo
1156 1632 1194 1686 tui
1218 1633 1317 1693 videat
1342 1636 1516 1709 imaginem.
1539 1654 1577 1690 uun

277 1716 398 1779 Satanae:
431 1733 524 1772 rerum
552 1717 632 1791 etiam
661 1716 836 1773 lirilisnirnaru
864 1716 950 1771 ulnae
979 1716 1074 1772 laruam
1104 1734 1164 1790 quae
1193 1717 1226 1773 de
1261 1717 1317 1773 illu
1351 1728 1421 1777 tuto
1452 1723 1505 1776 iam
1529 1721 1597 1774 nin.

277 1810 411 1857 terrarum
434 1800 516 1873 lunge
538 1800 647 1874 lateque
670 1799 778 1863 volitat.
801 1801 869 1857 adea
891 1801 980 1874 turpis
1004 1811 1033 1857 nt
1055 1801 1107 1875 piis
1127 1818 1183 1856 rien
1198 1800 1289 1857 libeat
1305 1806 1461 1868 eredere„
1476 1806 1520 1860 sed
1535 1823 1579 1859 nu·

278 1904 338 1941 sum
361 1886 428 1941 adeo
450 1893 579 1941 euristans
601 1894 632 1941 ut
654 1883 722 1940 nulli
746 1886 859 1941 inaudax
880 1886 963 1941 rideri
987 1886 1088 1960 pessit:
1112 1903 1173 1960 quae
1196 1886 1312 1959 quidem
1338 1889 1432 1946 liniris
1450 1891 1578 1946 mentibus

278 1969 1627 2046 qmmmfflmffimstmfflfflmwafflmmmdfflwmm'

277 2055 366 2113 atilius
388 2055 449 2110 lidei
472 2055 556 2110 risum
579 2073 609 2111 ac
631 2054 797 2127 voluptatem
820 2055 922 2117 aulient,
950 2057 1021 2129 apud
1049 2072 1118 2128 quus
1145 2055 1181 2110 uh
1203 2053 1324 2112 alienam
1351 2059 1504 2116 infamiam
1525 2060 1579 2115 nale

210 2139 352 2195 §.uendit
374 2138 571 2195 sanctissimum
595 2157 692 2195 nurneu
716 2148 805 2195 tunm:
839 2148 977 2214 prematur
1000 2140 1084 2213 igitur
1106 2140 1162 2195 liare
1184 2140 1328 2197 teterrima
1358 2144 1449 2202 laniae
1472 2146 1594 2201 lintrium

277 2225 323 2279 sed
347 2232 487 2297 prematur
509 2242 563 2279 nun
586 2224 696 2280 silentio
720 2225 867 2298 tyrannicis
890 2223 991 2280 indicte
1014 2225 1107 2284 minis.
1142 2232 1173 2280 ut
1201 2224 1320 2281 ridicule
1352 2230 1440 2301 equod
1469 2231 1578 2285 lmmiura

278 2308 367 2364 sciunt
390 2308 494 2364 nescire
515 2319 664 2381 ungantur,
688 2310 760 2383 qued
784 2308 873 2365 rident
897 2326 950 2364 mm
967 2309 1056 2365 videre
1071 2309 1287 2383 compellantur.
1314 2314 1399 2384 quud
1417 2316 1513 2371 auimo
1529 2332 1579 2369 ier·-

277 2400 406 2467 reeteque
428 2393 550 2465 cogitant
572 2392 647 2468 loqui
671 2402 810 2456 vetentur,
833 2395 879 2450 sed
902 2395 960 2467 ipse
982 2393 1396 2466 efficacissimis-argumentis,
1425 2399 1454 2455 id
1471 2410 1514 2456 est
1530 2402 1579 2454 rita

277 2476 421 2552 exemplis,
445 2478 583 2534 hominum
607 2478 819 2535 maledicentiam
842 2479 1001 2551 reilarguat.
1030 2478 1136 2535 stillata
1158 2479 1265 2540 leonte,
1298 2482 1378 2537 unde
1407 2485 1478 2541 ferdi
1501 2502 1580 2542 urmes¹

278 2562 508 2625 interemtam,
541 2571 571 2619 ut
593 2563 644 2619 iam
668 2563 761 2627 lirinus,
778 2562 814 2618 ait
843 2564 911 2619 udur
940 2564 992 2619 deo
1021 2563 1047 2618 in
1076 2564 1156 2619 vitam
1182 2563 1320 2627 suleliurn.
1356 2585 1423 2624 nun
1457 2570 1602 2644 pestilens·

209 2648 363 2704 §.uiator
384 2647 411 2703 in
433 2648 580 2722 perniciem
608 2647 772 2722 simplicium
798 2649 955 2704 animarum.
1002 2648 1062 2704 llaec
1091 2658 1131 2711 te,
1167 2648 1242 2709 lesu.
1277 2668 1333 2723 pru
1364 2670 1426 2710 suo
1461 2656 1580 2729 puntiliea

277 2732 331 2806 piis
353 2733 423 2788 rutis
445 2741 506 2788 erat
527 2748 593 2806 grex
616 2742 694 2788 tuus:
723 2733 769 2805 qui
799 2733 822 2787 si
845 2750 896 2806 pru
918 2732 986 2788 lulio
1009 2751 1063 2789 rien
1092 2743 1212 2789 meretur
1240 2735 1347 2798 audiri.
1381 2739 1450 2813 ipse
1483 2759 1580 2814 quasu-

276 2834 336 2873 mus
359 2817 514 2891 pontificem
537 2836 618 2891 agere
646 2835 700 2872 nun
730 2818 865 2889 graveris,
900 2835 989 2890 neque
1017 2818 1128 2892 patiaris
1156 2828 1186 2874 ιιι
1213 2819 1296 2874 unius
1328 2821 1372 2877 vel
1407 2824 1519 2882 insania
1546 2824 1580 2879 ut

276 2902 400 2976 impietas
423 2910 524 2958 tantam
551 2911 655 2976 pestem
683 2902 787 2958 aulierat
814 2902 896 2958 relatis
925 2902 1056 2958 humanis.
1107 2902 1197 2959 Ereita
1225 2903 1358 2977 spiritum
1392 2910 1441 2965 rel
1472 2910 1580 2967 llanielis

275 2986 407 3048 alieuius.
430 2987 477 3059 qui
500 2987 573 3042 senis
596 2986 711 3061 inqu-ulii
734 2987 860 3043 retundat
882 2987 1031 3051 insaniaui;
1055 3005 1104 3043 nee
1126 2988 1236 3044 omniuo
1259 2989 1321 3045 sine
1346 3010 1491 3065 spensam
1516 3006 1606 3052 urana·

275 3071 374 3128 iuratis
396 3070 484 3126 titulis
506 3080 533 3128 et
555 3072 728 3128 commutatis
751 3089 841 3128 rerum
865 3071 1001 3128 vocabulis
1030 3090 1099 3128 nuru
1128 3072 1280 3147 tyrannidis
1312 3093 1426 3148 genere
1458 3081 1581 3156 opprimi.

276 3156 322 3229 qui
346 3157 411 3211 riuis
433 3164 461 3211 el
482 3174 581 3230 regius
603 3174 664 3213 eum
686 3156 738 3212 dee
760 3164 837 3230 patre
861 3157 887 3213 in
910 3158 1015 3214 inritatu
1037 3157 1151 3231 spiritus
1173 3158 1275 3219 saneti.
1299 3160 1388 3221 aleus.
1422 3180 1478 3234 per
1500 3167 1581 3222 narnia

275 3240 365 3297 serula
388 3240 551 3297 seerdurum.
594 3244 686 3297 Amen.
1125 3238 1128 3243 ’

873 3394 964 3435 riuis.

598 3562 631 3604 ΙΝ
653 3563 815 3605 GERMANIA
839 3565 966 3604 TANDEM
990 3563 1045 3604 lau
1068 3564 1229 3606 sarlnn'rn.

271 3644 475 3655 ——--——

315 3772 319 3777 .
341 3731 351 3761 ³
371 3732 477 3796 Eruug.
492 3746 548 3781 aee.
562 3731 620 3780 loe.
635 3731 708 3779 XXI.
723 3729 762 3778 15.
777 3745 835 3794 sqq.
871 3728 882 3760 ⁵
899 3730 1278 3795 Evang.sec.amttti.x1x.
1293 3731 1338 3781 27.
1378 3735 1476 3789 ‘Act
1490 3742 1584 3806 Apust.

274 3816 326 3865 111.
339 3814 363 3864 u.
416 3814 439 3843 '³
457 3814 650 3880 spiritualibus
668 3818 692 3864 ⁶.
745 3814 868 3879 ”rirugni
887 3818 910 3863 d.
958 3821 986 3863 et
1004 3818 1242 3881 &coagmentum
1302 3815 1321 3847 ι’
1344 3822 1501 3890 satrapea]
1522 3828 1573 3875 Per

271 3916 357 3951 aarum
375 3916 459 3964 repen.
524 3897 738 3963 1*ἱιιιιιςίιιυιιὶι
802 3896 822 3929 ²¹
844 3897 940 3962 [yterio
960 3903 985 3948 3.
1049 3897 1072 3929 ²⁷³
1090 3900 1132 3949 Ol.
1147 3897 1225 3949 Paul.
1240 3915 1283 3964 ep.
1298 3900 1335 3949 ll.
1353 3904 1530 3959 realem-,11⁸
1548 3910 1582 3959 11,

272 3983 294 4015 ¹⁹
313 3984 356 4036 Cf.
370 3984 465 4049 proph.
478 3984 590 4034 Daniel.
604 3983 681 4032 Xlll.
695 3982 736 4031 45.
751 3997 809 4046 sqq.
862 3981 884 4013 ³³
902 3999 968 4033 saer.
981 3986 1005 4032 r.
